@misc{OECD,
author = "{Organisation for Economic Co-operation and Development}",
title = "{Elderly Population}",
year = "2018",
howpublished = {Available online at: ``\url{https://data.oecd.org/pop/elderly-population.htm}''. Accessed 28 April 2020}
}

@Article{Venkatesan2020,
  author    = {Venkatesan, P.},
  journal   = {The Lancet Respiratory Medicine},
  title     = "{The changing demographics of {COVID}-19}",
  year      = {2020},
  number    = {12},
  pages     = {e95},
  volume    = {8},
  doi       = {10.1016/S2213-2600(20)30461-6},
}

@Article{Upshur2005,
  author     = {Upshur, R. E. G. and Moineddin, R. and Crighton, E. and Kiefer, L. and Mamdani, M.},
  journal    = {BMC Health Services Research},
  title      = "{Simplicity within complexity: {Seasonality} and predictability of hospital admissions in the province of {Ontario} 1988–2001, a population-based analysis}",
  year       = {2005},
  issn       = {1472-6963},
  number     = {1},
  pages      = {13},
  volume     = {5},
  doi        = {10.1186/1472-6963-5-13},

}

@Article{Gilbert2018,
  author     = {Gilbert, T. and Neuburger, J. and Kraindler, J and Keeble, E. and Smith, P. and Ariti, C. and Arora, S. and Street, A. and Parker, S. and Roberts, H. C. and Bardsley, M. and Conroy, S.},
  journal    = {The Lancet},
  title      = "{Development and validation of a Hospital Frailty Risk Score focusing on older people in acute care settings using electronic hospital records: an observational study}",
  year       = {2018},
  issn       = {0140-6736, 1474-547X},
  number     = {10132},
  pages      = {1775--1782},
  volume     = {391},
    doi        = {10.1016/S0140-6736(18)30668-8},
}

@Article{Soong2015,
  author   = {Soong, J. and Poots, A. J. and Scott, S. and Donald, K. and Woodcock, T. and Lovett, D. and Bell, D.},
  journal  = {BMJ open},
  title    = {Quantifying the prevalence of frailty in {English} hospitals},
  year     = {2015},
  issn     = {2044-6055},
  month    = oct,
  number   = {10},
  pages    = {e008456},
  volume   = {5},
  doi      = {10.1136/bmjopen-2015-008456},
}

% Article{Intrevado,
%   author        = {P. Intrevado and V. Verter and L. Tremblay},
%   title         = "{Patient-centric design of long-term care networks}",
%   journal       = {Health Care Management Science},
%   year          = {2019},
%   volume        = {22},
%   number        = {2},
%   pages         = {376-390},
%   issn          = {13869620},
%   doi           = {10.1007/s10729-018-9445-7},
% }

@Article{Bidhandi,
  author        = {H. {Mohammadi Bidhandi} and J. Patrick and P. Noghani and P. Varshoei},
  title         = "{Capacity planning for a network of community health services}",
  journal       = {European Journal of Operational Research},
  year          = {2019},
  volume        = {275},
  number        = {1},
  pages         = {266-279},
  issn          = {03772217},
  doi           = {10.1016/j.ejor.2018.11.008},
}

@Article{Berntsen,
  author        = {Berntsen, G. and Strisland, F. and Malm-Nicolaisen, K. and Smaradottir, B. and Fensli, R. and Røhne, M.},
  title         = "{The evidence base for an ideal care pathway for frail multimorbid elderly: Combined scoping and systematic intervention review}",
  journal       = {Journal of Medical Internet Research},
  year          = {2019},
  volume        = {21},
  number        = {4},
  doi           = {10.2196/12517},
}

@Article{Wallace,
  author        = {R. Wallace and L. D. G. Angus and S. Munnang and S. Shukry and J. C. DiGiacomo and C. Ruotolo},
  title         = "{Improved outcomes following implementation of a multidisciplinary care pathway for elderly hip fractures}",
  journal       = {Aging Clinical and Experimental Research},
  year          = {2019},
  volume        = {31},
  number        = {2},
  pages         = {273-278},
  doi           = {10.1007/s40520-018-0952-7},
}

@Article{Trevisan,
  author        = {Trevisan, C. and Di Gregorio, P. and Debiasi, E. and Pedrotti, M. and La Guardia, M. and Manzato, E. and Sergi, G. and March, A.},
  title         = {Decision tree for ward admissions of older patients at the emergency department after a fall},
  journal       = {Geriatrics and Gerontology International},
  year          = {2018},
  volume        = {18},
  number        = {9},
  pages         = {1388-1392},
  issn          = {14441586},
  doi           = {10.1111/ggi.13497},
}

@Article{Gordon2,
  author        = {A. S. Gordon and A. H. Marshall and M. Zenga},
  title         = "{Predicting elderly patient length of stay in hospital and community care using a series of conditional Coxian phase-type distributions, further conditioned on a survival tree}",
  journal       = {Health Care Management Science},
  year          = {2018},
  volume        = {21},
  number        = {2},
  pages         = {269-280},
  doi           = {10.1007/s10729-017-9411-9},
}

@Article{Onggo,
  author        = {B. S. S. Onggo and N. C. Proudlove and S. A.  D'Ambrogio and A. Calabrese and S. Bisogno and N. {Levialdi Ghiron}},
  title         = "{A BPMN extension to support discrete-event simulation for healthcare applications: An explicit representation of queues, attributes and data-driven decision points}",
  journal       = {Journal of the Operational Research Society},
  year          = {2018},
  volume        = {69},
  number        = {5},
  pages         = {788-802},
  doi           = {10.1057/s41274-017-0267-7},
}

@Article{Cepoiu,
  author        = {M. Cepoiu-Martin and D. P. Bischak},
  title         = "{Policy choices in dementia care—An exploratory analysis of the Alberta continuing care system (ACCS) using system dynamics}",
  journal       = {Journal of Evaluation in Clinical Practice},
  year          = {2018},
  volume        = {24},
  number        = {1},
  pages         = {278-284},
  doi           = {10.1111/jep.12790},
}

@Article{Hamdani,
  author        = {F. E. Hamdani and M. Masmoudi and A. {Al Hanbali} and F. Bouyahia and A. A. Ouahman},
  title         = "{Diagnostic and modeling of elderly flow in a French healthcare institution}",
  journal       = {Computers and Industrial Engineering},
  year          = {2017},
  volume        = {112},
  pages         = {675-689},
  doi           = {10.1016/j.cie.2017.05.009},
}

@Article{Eggink,
  author        = {E. Eggink and I. Woittiez and M. Ras},
  title         = "{Forecasting the use of elderly care: a static micro-simulation model}",
  journal       = {European Journal of Health Economics},
  year          = {2016},
  volume        = {17},
  number        = {6},
  pages         = {681-691},
  doi           = {10.1007/s10198-015-0714-9},
}

@Article{Borowiak,
  author        = {E. Borowiak and J. Kostka and T. Kostka},
  title         = "{Comparative analysis of the expected demands for nursing care services among older people from urban, rural, and institutional environments}",
  journal       = "{Clinical Interventions in Aging}",
  year          = {2015},
  volume        = {10},
  pages         = {405-412},
  doi           = {10.2147/CIA.S72534},
}

@Article{Silvester,
  author        = {K. M. Silvester and M. A. Mohammed and P. Harriman and A. Girolami and T. W. Downes},
  title         = "{Timely care for frail older people referred to hospital improves efficiency and reduces mortality without the need for extra resources}",
  journal       = {Age and Ageing},
  year          = {2014},
  volume        = {43},
  number        = {4},
  pages         = {472-477},
  doi           = {10.1093/ageing/aft170},
}

@Article{Zhang1,
  author        = {Y. Zhang and M. L. Puterman},
  title         = "{Developing an adaptive policy for long-term care capacity planning}",
  journal       = {Health Care Management Science},
  year          = {2013},
  volume        = {16},
  number        = {3},
  pages         = {271-279},
  doi           = {10.1007/s10729-013-9229-z},
}

@Article{Kul,
  author        = {S. Kul and K. Vanhaecht and E. Savaş and Z. A. Öztürk and R. A. Parker and M. Panella},
  title         = "{Modeling of in-hospital treatment outcomes for elderly patients with heart failure: Care pathway versus usual care}",
  journal       = {European Geriatric Medicine},
  year          = {2013},
  volume        = {4},
  number        = {2},
  pages         = {86-90},
  doi           = {10.1016/j.eurger.2012.11.002},
}

@Article{Zhang2,
  author        = {Y. Zhang and M. L. Puterman and M. Nelson and D. R. Atkins},
  title         = "{A simulation optimization approach to long-term care capacity planning}",
  journal       = {Operations Research},
  year          = {2012},
  volume        = {60},
  number        = {2},
  pages         = {249-261},
  doi           = {10.1287/opre.1110.1026},
}

@Article{Patrick,
  author        = {J. Patrick},
  title         = "{Access to long-term care: The true cause of hospital congestion?}",
  journal       = {Production and Operations Management},
  year          = {2011},
  volume        = {20},
  number        = {3},
  pages         = {347-358},
  doi           = {10.1111/j.1937-5956.2011.01229.x},
}

@Article{Garg2,
  author        = {L. Garg and S. McClean and B. Meenan and P. H. Millard},
  title         = "{A non-homogeneous discrete time Markov model for admission scheduling and resource planning in a cost or capacity constrained healthcare system}",
  journal       = {Health Care Management Science},
  year          = {2010},
  volume        = {13},
  number        = {2},
  pages         = {155-169},
  doi           = {10.1007/s10729-009-9120-0},
}

@Article{Rossille,
  author        = {D. Rossille and M. Cuggia and A. Arnault and J. Bouget and P. {Le Beux}},
  title         = "{Managing an emergency department by analysing HIS medical data: a focus on elderly patient clinical pathways}",
  journal       = {Health Care Management Science},
  year          = {2008},
  volume        = {11},
  number        = {2},
  pages         = {139-146},
  doi           = {10.1007/s10729-008-9059-6},
}

@Article{Shaw,
  author        = {B. Shaw and A. H. Marshall},
  title         = "{Modelling the flow of congestive heart failure patients through a hospital system}",
  journal       = {Journal of the Operational Research Society},
  year          = {2007},
  volume        = {58},
  number        = {2},
  pages         = {212-218},
  doi           = {10.1057/palgrave.jors.2602240},
}

@Article{Chaussalet,
  author        = {T. J. Chaussalet and H. Xie and P. H. Millard},
  title         = "{A closed queueing network approach to the analysis of patient flow in health care systems}",
  journal       = {Methods of Information in Medicine},
  year          = {2006},
  volume        = {45},
  number        = {5},
  pages         = {492-497},
}

@Article{Harrison,
  author        = {G. W. Harrison},
  title         = "{Implications of mixed exponential occupancy distributions and patient flow models for health care planning}",
  journal       = {Health Care Management Science},
  year          = {2001},
  volume        = {4},
  number        = {1},
  pages         = {37-45},
  doi           = {10.1023/A:1009601732387},
}

@Article{Azad,
  author        = {N. Azad and F. Molnar and A. Byszewski},
  title         = "{Lessons learned from a multidisciplinary heart failure clinic for older women: A randomised controlled trial}",
  journal       = "{Age and Ageing}",
  year          = {2008},
  volume        = {37},
  number        = {3},
  pages         = {282-287},
  doi           = {10.1093/ageing/afn013},
}

@Article{Beaupre,
  author        = {L. A. Beaupre and J. G. Cinats and A. Senthilselvan and D. Lier and C. A. Jones and A. Scharfenberger and D. W. C. Johnston and L. D. Saunders},
  title         = "{Reduced morbidity for elderly patients with a hip fracture after implementation of a perioperative evidence-based clinical pathway}",
  journal       = "{Quality and Safety in Health Care}",
  year          = {2006},
  volume        = {15},
  number        = {5},
  pages         = {375-379},
  doi           = {10.1136/qshc.2005.017095},
}

@Article{Faddy,
  author        = {M. J. Faddy and S. I. McClean},
  title         = "{Markov chain modelling for geriatric patient care}",
  journal       = {Methods of Information in Medicine},
  year          = {2005},
  volume        = {44},
  number        = {3},
  pages         = {369-373},
}

@Article{Garg1,
  author        = {L. Garg and S. I. McClean and B. Meenan and P. Millard},
  title         = "{Non-homogeneous Markov models for sequential pattern mining of healthcare data}",
  journal       = "{IMA Journal of Management Mathematics}",
  year          = {2009},
  volume        = {20},
  number        = {4},
  pages         = {327-344},
  doi           = {10.1093/imaman/dpn030},
}

@Article{Gaugler,
  author        = {J. E. Gaugler and S. Duval and K. A. Anderson and R. L. Kane},
  title         = "{Predicting nursing home admission in the U.S: A meta-analysis}",
  journal       = {BMC Geriatrics},
  year          = {2007},
  volume        = {7},
  doi           = {10.1186/1471-2318-7-13},
}

@Article{Gordon1,
  author        = {A. S. Gordon and A. H. Marshall and K. J. Cairns},
  title         = "{A conditional approach for modelling patient readmissions to hospital using a mixture of Coxian phase-type distributions incorporating Bayes' theorem}",
  journal       = {Statistics in Medicine},
  year          = {2016},
  volume        = {35},
  number        = {21},
  pages         = {3810-3826},
  doi           = {10.1002/sim.6953},
}

@Article{Marshall2,
  author        = {A. H. Marshall and S. I. McClean},
  title         = "{Using coxian phase-type distributions to identify patient characteristics for duration of stay in hospital}",
  journal       = {Health Care Management Science},
  year          = {2004},
  volume        = {7},
  number        = {4},
  pages         = {285-289},
  doi           = {10.1007/s10729-004-7537-z},
}

@Article{Marshall1,
  author        = {A. H. Marshall and S. I. McClean},
  title         = "{Conditional phase-type distributions for modelling patient length of stay in hospital}",
  journal       = {International Transactions in Operational Research},
  year          = {2003},
  volume        = {10},
  number        = {6},
  pages         = {565-576},
  doi           = {10.1111/1475-3995.00428},
}

@Article{Marshall3,
  author        = {A. H. Marshall and H. Mitchell and M. Zenga},
  title         = "{Modelling the Length of Stay of Geriatric Patients in the Emilia Romagna Hospitals Using Coxian Phase-type Distributions with Covariates}",
  journal       = {Studies in Theoretical and Applied Statistics, Selected Papers of the Statistical Societies},
  year          = {2015},
  pages         = {127-139},
  doi           = {10.1007/10104_2014_21},
}

@Article{McClean,
  author        = {S. I. McClean and P. H. Millard},
  title         = "{Where to treat the older patient? Can Markov models help us better understand the relationship between hospital and community care?}",
  journal       = {Journal of the Operational Research Society},
  year          = {2007},
  volume        = {58},
  number        = {2},
  pages         = {255-261},
  doi           = {10.1057/palgrave.jors.2602173},
}

@Article{Taylor,
  author        = {G. J. Taylor and S. I. McClean and P. H. Millard},
  title         = "{Stochastic models of geriatric patient bed occupancy behaviour}",
  journal       = {Journal of the Royal Statistical Society. Series A: Statistics in Society},
  year          = {2000},
  volume        = {163},
  number        = {1},
  pages         = {39-48},
  doi           = {10.1111/1467-985X.00155},
}

@Article{Xie,
  author        = {H. Xie and T. J. Chaussalet and P. H. Millard},
  title         = "{A continuous time Markov model for the length of stay of elderly people in institutional long-term care}",
  journal       = {Journal of the Royal Statistical Society. Series A: Statistics in Society},
  year          = {2005},
  volume        = {168},
  number        = {1},
  pages         = {51-61},
  doi           = {10.1111/j.1467-985X.2004.00335.x},
}

@Article{Christodoulou,
  author        = {G. Christodoulou and G. J. Taylor},
  title         = "{Using a continuous time hidden Markov process, with covariates, to model bed occupancy of people aged over 65 years}",
  journal       = {Health Care Management Science},
  year          = {2001},
  volume        = {4},
  number        = {1},
  pages         = {21-24},
  doi           = {10.1023/A:1009641430569},
}

@Article{Hare,
  author        = {W. L. Hare and A. Alimadad and H. Dodd and R. Ferguson and A. Rutherford},
  title         = "{A deterministic model of home and community care client counts in British Columbia}",
  journal       = {Health Care Management Science},
  year          = {2009},
  volume        = {12},
  number        = {1},
  pages         = {80-98},
  doi           = {10.1007/s10729-008-9082-7},
}

@Article{Desai,
  author        = {M. S. Desai and M. L. Penn and S. Brailsford and M. Chipulu},
  title         = "{Modelling of Hampshire Adult Services - Gearing up for future demands}",
  journal       = {Health Care Management Science},
  year          = {2008},
  volume        = {11},
  number        = {2},
  pages         = {167-176},
  doi           = {10.1007/s10729-007-9049-0},
}

@Article{Katsaliaki,
  author        = {K. Katsaliaki and S. Brailsford and D. Browning and P. Knight},
  title         = "{Mapping care pathways for the elderly}",
  journal       = {Journal of Health, Organisation and Management},
  year          = {2005},
  volume        = {19},
  number        = {1},
  pages         = {57-72},
  doi           = {10.1108/14777260510592130},
}

@Article{Walker,
  author        = {B. Walker and T. Haslett},
  title         = "{System dynamics and action research in aged care}",
  journal       = "{Australian health review : a publication of the Australian Hospital Association}",
  year          = {2001},
  volume        = {24},
  number        = {1},
  pages         = {183-191},
  doi           = {10.1071/AH010183},
}

@Article{Ragab,
  author        = {M. A. F. Ragab and W. Rashwan and W. Abo-Hamad and A. Arisha},
  title         = "{Using modelling and simulation to improve elderly care in Ireland: A case study}",
  journal       = {International Journal on Advances in Life Sciences},
  year          = {2013},
  volume        = {5},
  number        = {1-2},
  pages         = {89-102},
}

@Article{YLi,
  author        = {Y. Li and Y. Zhang and N. Kong and M. Lawley},
  title         = "{Capacity planning for long-term care networks}",
  journal       = {IIE Transactions (Institute of Industrial Engineers)},
  year          = {2016},
  volume        = {48},
  number        = {12},
  pages         = {1098-1111},
  doi           = {10.1080/0740817X.2016.1190480},
}

@Conference{Franck,
  author        = {T. Franck and V. Augusto and X. Xie and R. Gonthier and E. Achour},
  title         = "{Performance evaluation of an integrated care for geriatric departments using discrete-event simulation}",
  year          = {2016},
  pages         = {1331--1342},
  doi           = {10.1109/WSC.2015.7408257},
}


@Article{Kerpershoek,
  author        = {Kerpershoek, L. and de Vugt, M. and Wolfs, C. and Orrell, M. and Woods, B. and Jelley, H. and Meyer, G. and Bieber, A. and Stephan, A. and Selbæk, G. and Michelet, M. and Wimo, A. and Handels, R. and Irving, K. and Hopper, L. and Gonçalves-Pereira, M. and Balsinha, C. and Zanetti, O. and Portolani, D. and Verhey, F. and the Actifcare Consortium},
  title         = "{Is there equity in initial access to formal dementia care in Europe? The Andersen Model applied to the Actifcare cohort}",
  journal       = {International Journal of Geriatric Psychiatry},
  year          = {2020},
  volume        = {35},
  number        = {1},
  pages         = {45-52},
  doi           = {10.1002/gps.5213},
}

@Article{Franklin,
  author        = {M. Franklin and R. M. Hunter},
  title         = "{A modelling-based economic evaluation of primary-care-based fall-risk screening followed by fall-prevention intervention: A cohort-based Markov model stratified by older age groups}",
  journal       = {Age and Ageing},
  year          = {2019},
  volume        = {49},
  number        = {1},
  pages         = {57-66},
  doi           = {10.1093/ageing/afz125},
}

@Article{Bae,
  author        = {K. Bae and M. Jones and G. Evans and D. Antimisiaris},
  title         = "{Simulation modelling of patient flow and capacity planning for regional long-term care needs: a case study}",
  journal       = {Health Systems},
  year          = {2019},
  volume        = {8},
  number        = {1},
  pages         = {1-16},
  doi           = {10.1080/20476965.2017.1405873},
  keyword = {primary}
}

@Article{Rashwan,
  author        = {W. Rashwan and W. Abo-Hamad and A. Arisha},
  title         = "{A system dynamics view of the acute bed blockage problem in the Irish healthcare system}",
  journal       = {European Journal of Operational Research},
  year          = {2015},
  volume        = {247},
  number        = {1},
  pages         = {276-293},
  doi           = {10.1016/j.ejor.2015.05.043},
}


@Article{Tao,
  author        = {Z. Tao and Y. Cheng and T. Dai and M. W. Rosenberg},
  title         = "{Spatial optimization of residential care facility locations in Beijing, China: Maximum equity in accessibility}",
  journal       = {International Journal of Health Geographics},
  year          = {2014},
  volume        = {13},
  number        = {1},
  doi           = {10.1186/1476-072X-13-33},
}

@Article{Johnson,
  author        = {M. P. Johnson and W. L. Gorr and S. Roehrig},
  title         = "{Location of service facilities for the elderly}",
  journal       = {Annals of Operations Research},
  year          = {2005},
  volume        = {136},
  number        = {1},
  pages         = {329-349},
  doi           = {10.1007/s10479-005-2062-0},
}


@Article{Davari,
  author        = {S. Davari and T. Van Woensel},
  title         = "{The elderly centre location problem}",
  journal       = {Journal of the Operational Research Society},
  year          = {2020},
  volume        = {72},
  pages         = {1207--1220},
  number        = {6},
  doi           = {10.1080/01605682.2020.1718020},
}


@Article{Guo,
  author        = {J. Guo and R. T. Konetzka and W. G. Manning},
  title         = "{The causal effects of home care use on institutional long-term care utilization and expenditures}",
  journal       = {Health Economics (United Kingdom)},
  year          = {2015},
  volume        = {24},
  number        = {S1},
  pages         = {4-17},
  doi           = {10.1002/hec.3155},
}


@Article{Abe,
  author        = {Abe, N. and Kakamu, T. and Kumagai, T. and Hidaka, T. and Masuishi, Y. and Endo, S. and Kasuga, H. and Fukushima, T.},
  title         = "{Polypharmacy at admission prolongs length of hospitalization in gastrointestinal surgery patients}",
  journal       = "{Geriatrics and Gerontology International}",
  year          = {2020},
  volume        = {20},
  number        = {11},
  pages         = {1085-1090},
  doi           = {10.1111/ggi.14044},
}


@Article{Welberry,
  author        = {H. J. Welberry and H. Brodaty and B. Hsu and S. Barbieri and L. R. Jorm},
  title         = "{Impact of Prior Home Care on Length of Stay in Residential Care for Australians With Dementia}",
  journal       = {Journal of the American Medical Directors Association},
  year          = {2020},
  volume        = {21},
  number        = {6},
  pages         = {843-850.e5},
  doi           = {10.1016/j.jamda.2019.11.023},
}


@Article{Zychlinski,
  author        = {Zychlinski, N. and Mandelbaum, A. and Momčilović, P. and Cohen, I.},
  title         = "{Bed blocking in hospitals due to scarce capacity in geriatric institutions—cost minimization via fluid models}",
  journal       = {Manufacturing and Service Operations Management},
  year          = {2020},
  volume        = {22},
  number        = {2},
  pages         = {396-411},
  doi           = {10.1287/MSOM.2018.0745},
}


@Article{Ambagtsheer,
  author        = {R. C. Ambagtsheer and J. Beilby and C. Seiboth and E. Dent},
  title         = "{Prevalence and associations of frailty in residents of Australian aged care facilities: findings from a retrospective cohort study}",
  journal       = "{Aging Clinical and Experimental Research}",
  year          = {2020},
  volume        = {32},
  number        = {9},
  pages         = {1849--1856},
  doi           = {10.1007/s40520-019-01379-0},
}


@Article{Muramatsu,
  author        = {N. Muramatsu and H. Yin and R. T. Campbell and R. L. Hoyem and M. A. Jacob and C. O. Ross},
  title         = "{Risk of nursing home admission among older Americans: Does states' spending on home- and community-based services matter?}",
  journal       = {Journals of Gerontology - Series B Psychological Sciences and Social Sciences},
  year          = {2007},
  volume        = {62},
  number        = {3},
  pages         = {S169-S178},
  doi           = {10.1093/geronb/62.3.S169},
}

@misc{UN2,
author = "{United Nations}",
title = "{World Population Ageing}",
year = "2017",
howpublished = {Available online at: ``\url{https://www.un.org/en/development/desa/population/publications/pdf/ageing/WPA2017\textunderscore Highlights.pdf}''. Last Accessed 22 March 2023},
}

@misc{UN,
author = "{United Nations}",
title = "{World Population Prospects}",
year = "2019",
howpublished = {Available online at: ``https://population.un.org/wpp/Download/Standard/Population/." Accessed 18 March 2020}
}

@misc{WHO2,
author = "{World Health Organisation}",
title = "{Coronavirus disease (COVID-19) Pandemic}",
year = "2020",
howpublished = {Available online at: ``https://www.who.int/emergencies/diseases/novel-coronavirus-2019'' Accessed 22 April 2020}
}

@misc{deLuc,
author ="{K. de Luc}",
title = {Care Pathways: where they are leading},
organisation = "National Pathways Association",
year = {1999}
}

@misc{WHO,
title="{Guidelines for safe Transport of Infectious Substances and Diagnostic Specimens}",
author={World Health Organization},
url={https://www.who.int/csr/emc97_3.pdf},
year={1997}
}

@online{Licchetta1,
author = {Mirko Licchetta and Michal Stelmach},
title = "Fiscal sustainability analytical paper: Fiscal sustainability and public spending on health",
year = "2016",
howpublished = {Available online at: ``https://obr.uk/fiscal-sustainability-analytical-paper-published-today/." Accessed 20 Jan 2020},
}



@misc{BMA1,
author = "{British Medical Association}",
title = "{BMA – Identification and management of patients with frailty}",
year = "2018",
howpublished = {Available online at: ``\url{https://www.bma.org.uk/advice/employment/contracts/general-practice-funding/focus-on-identification-and-management-of-patients-with-frailty}''. Last Accessed 22 March 2023},
}

@misc{NHSENG,
author = "{NHS England}",
title = "{Electronic Frailty Index}",
year = "2020",
howpublished = {Available online at: ``\url{https://www.england.nhs.uk/ourwork/clinical-policy/older-people/frailty/efi/#what-numbers-of-people-living-with-frailty-do-we-expect-to-be-diagnosed}''. Accessed 15 March 2020},
}

@misc{UN3,
author = "{United Nations}",
title ="{Ageing}",
year = "2019",
howpublished = {Available online at: ``\url{https://www.un.org/en/sections/issues-depth/ageing/}''. Last Accessed 22 March 2023}
}

@book{DLuc,
author = "{K. de Luc and D. Kitchiner and A. Layton and E. Morris and Y. Murray and S. Overill}",
title = "{Developing Care Pathways: the handbook}",
publisher = {Radcliffe Medical Press Ltd},
address = {Abingdon},
year = {2001},
}

@article{Clegg,
author = "Andrew Clegg and John Young and Steve Iliffe and Marcel Olde Rikkert  and Kenneth Rockwood",
title = "{Frailty in elderly people}",
journal = "{The Lancet}",
volume = {382},
year ={2013},
number = {9901},
pages = {1328},
doi = {10.1016/S0140-6736(12)62167-9},
}
@article{Vanberkel,
author = "P. T. Vanberkel and Richard J Boucherie and Erwin W Hans and Joohann L Hurink and Nelly Litvak",
title = "{A Survey of Health Care Models that Encompass Multiple Departments}",
journal = {International Journal of Health Management and Information},
volume = {1},
year ={2010},
number = {1},
pages = {37--69},
}

@article{Webster,
author = "J. Webster and R. T. Watson",
title = "{Analyzing the Past to Prepare for the Future: Writing a Literature Review}",
journal = "{MIS Quarterly}",
volume = {26},
year ={2002},
number = {2},
pages = {13--24},
}

@article{PHulshof,
author = {P. J. H. Hulshof and N. Kortbeek and R. J. Boucherie and E. W. Hans and P. J. M. Bakker},
title = "{Taxonomic classification of planning decision in health care: a structured review of the state of the art in OR/MS}",
journal ={Health Systems},
volume = {1},
year = {2012},
pages = {129--175},
doi ={10.1057/hs.2012.18},
}

@article{DKitchiner,
author = "D. Kitchiner and C. Davidson and P. Bundred",
title = "{Integrated care pathways: effective tools for continuous evaluation of clinical practice}",
journal = {Journal of Evaluation in Clinical Practice},
volume = {2},
year = {1996},
number = {1},
pages = {65--69},
doi = {10.1111/j.1365-2753.1996.tb00028.x},
}

@article{MJohnson,
author = "Michael P Johnson and Gerald Midgley and George Chichirau",
title = "{Emerging trends and new frontiers in community operational research}",
journal = "European Journal of Operational Research",
volume ={268},
number = {3},
year = {2018},
pages = {1178--1191},
}

@article{Cardoen,
author = "Brecht Cardoen and Erik Demeulemeester and Jeroen Beliën",
title = "{Operating room planning and scheduling: A literature review}",
journal = "European Journal of Operational Research",
year = {2010},
volume ={201},
number ={3},
pages = {921--932},
doi= {10.1016/j.ejor.2009.04.011},
}

@article{RPalmer,
author = "R. Palmer and N. J. Fulop and M. Utley",
title ="{A systematic literature review of operational research methods for modelling patient flow and outcomes within community healthcare and other settings}",
journal = "Health Systems",
volume = {7},
year = {2018},
number = {1},
pages = {29--50},
doi ={10.1057/s41306-017-0024-9},
}

@article{Aspland,
author = {E. Aspland and D. Gartner and P. Harper},
title = "{Clinical pathway modelling: a literature review}",
journal = "{Health Systems}",
volume = {10},
number = {1},
pages = {1--23},
year  = {2021},
doi = {10.1080/20476965.2019.1652547}
}

@article{YZhang,
author = {Y. Zhang and R. Padman and J. E. Levin},
title = "{Paving the COWpath: data-driven design of pediatric order sets}",
journal = {Journal of the American Medical Informatics Association},
volume ={21},
number = {e2},
pages = {e304--e311},
year = {2014},
doi = {10.1136/amiajnl-2013-002316},
}

@article{Muscedere,
author = {J Muscedere and M Andrew and S Bagshaw and et al.},
title = "{Screening for Frailty in Canada’s Health Care System: A Time for Action}",
journal = {Canadian Journal on Aging},
year = {2016},
volume = {35},
number = {3},
pages = {281--297}
}

@article{Morley,
author = {John E. Morley and Bruno Vellas and Abellan van Kan and et al.},
title = "{Frailty Consensus: A Call to Action}",
journal = {Journal of the American Medical Directors Association},
year = {2013},
volume = {14},
number = {6},
pages = {392--397}
}

@article{Theou,
author = {Olga Theou and Thomas D Brothers and Arnold Mitnitski and Kenneth Rockwood},
title = "{Operationalization of frailty using eight commonly used scales and comparison of their ability to predict all-cause mortality}",
journal = {Journal of the American Geriatrics Society},
year = {2013},
volume = {61},
number = {9},
pages = {1537--1551}
}


@article{Abe1,
author = {T. K. Abe and B. M. Beamon and R. L. Storch and J. Agus},
title = "{Operations research applications in hospital operations: Part II}",
journal ="{Health Care Operations Management}",
year = {2016},
volume = {6},
number ={2},
pages = {96--109},
doi = {10.1080/19488300.2016.1162880}
}

@article{Abe2,
author = {T. K. Abe and B. M. Beamon and R. L. Storch and J. Agus},
title = "{Operations research applications in hospital operations: Part III}",
journal ="{Health Care Operations Management}",
year = {2016},
volume = {6},
number ={3},
pages = {175--191},
doi = {10.1080/19488300.2016.1199613}
}

@article{Vanhaecht,
author = {Kris Vanhaecht and Walter Sermeus and Ruben {Van Zelm} },
title = "{Care Pathways are defined as complex interventions}",
journal ={BMC Medicine},
year = {2010},
volume = {8},
pages = {31--31},
}

@article{Freeman,
author = {S. Freeman and K. Bishop and L. Spirgiene and E. Koopmans and F. C. Botelho and T. Fyfe and B. Xiong and S. Patchett and M. MacLeod},
title = "{Factors affecting residents transition from
long term care facilities to the community:
a scoping review}",
journal ={BMC Health Services Research},
year = {2017},
volume = {17},
number ={1},
pages = {689},
doi = {10.1186/s12913-017-2636-y}
}

@article{Hatheway,
author = {Oliver L Hatheway and Arnold Mitnitski and Kenneth Rockwood},
title = "{Frailty affects the initial treatment response and time to recovery of mobility in acutely ill older adults admitted to hospital}",
journal ={Age and Ageing},
year = {2017},
volume = {46},
number ={6},
pages = {920--925},
doi ={10.1093/ageing/afw257},
}

@article{Arvelo,
author = {E. Arvelo and J. {de Armas} and M. Guillen},
title = "{Assessing the Distribution of Elderly Requiring Care: A Case Study on the Residents in Barcelona and the Impact of COVID-19}",
journal ="{International Journal of Environmental Research and Public Health}",
year = {2020},
volume = {17},
number ={20},
pages = {7486},
doi ={10.3390/ijerph17207486},
}

@article{Heggestad,
author = {T. Heggestad},
title = "{Do hospital length of stay and staffing ratio affect elderly patients' risk of readmission? A nation-wide study of Norwegian hospitals}",
journal ={Health Services Research},
year = {2002},
volume = {37},
number ={3},
pages = {647--665},
doi ={10.1111/1475-6773.00042}
}

@article{Arling,
author = {G. Arling and K. A. Abrahamson and V. Cooke and R. L. Kane and T. Lewis},
title = "{Facility and market factors affecting transitions from nursing home to community}",
journal ={Medical Care},
year = {2011},
volume = {49},
number ={9},
pages = {790--796},
doi = {MLR.0b013e31821b3548}
}

@article{Lin,
author = {M. Y. Lin and K. S. Chin and K. L. Tsui and T. C. Wong},
title = "{Genetic based discrete particle swarm optimization for Elderly Day Care Center timetabling}",
journal ={Computers and Operations Research},
year = {2016},
volume = {65},
pages = {125--138},
doi = {j.cor.2015.07.010},
}

@article{Grenouilleau,
author = {F. Grenouilleau and N. Lahrichi and L.-M. Rousseau},
title = "{New decomposition methods for home care scheduling with predefined visits}",
journal ={Computers and Operations Research},
year = {2020},
volume = {115},
pages = {104855},
doi = {10.1016/j.cor.2019.104855},
}


@article{Eveborn,
author = {P. Eveborn and M. R{\"o}nnqvist and H. Einarsd{\'o}ttir and M. Eklund and K. Lid{\'e}n and M. Almroth},
title = "{Operations research improves quality and efficiency in home care}",
journal ={Interfaces},
year = {2009},
volume = {39},
number ={1},
pages = {18--34},
doi = {10.1287/inte.1080.0411},
}


@article{Yalcindag,
author = "S. Yal{\c c}inda{\u g} and P. Cappanera and M. G. Scutell{\'a} and E. {\'S}ahin and A. Matta",
title = "{Pattern-based decompositions for human resource planning in home health care service}",
journal ={Computers and Operations Research},
year = {2016},
volume = {1},
pages = {12--26},
doi = {10.1016/j.cor.2016.02.011},
}

@article{Lim,
author = "A. Lim and Z. Zhang and H. Qin",
title = "{Pickup and Delivery Service with Manpower Planning in Hong Kong Public Hospitals}",
journal ={Transportation Science},
year = {2016},
volume = {2},
pages = {688--705},
doi = {10.1287/trsc.2015.0611},
}

@article{Gassoumis,
author = "Z. D. Gassoumis and K. T. Fike and A. N. Rahman and S. M. Enguidanos and K. H. Wilber",
title = "{Who Transitions to the Community From Nursing Homes? Comparing Patterns and Predictors for Short-Stay and Long-Stay Residents}",
journal ={Home Health Care Services Quarterly},
year = {2013},
volume = {32},
number = {2},
pages = {75--91},
doi = {10.1080/01621424.2013.779353},
}

@Article{Intrevado,
  author        = {P. Intrevado and V. Verter and L. Tremblay},
  title         = "{Patient-centric design of long-term care networks}",
  journal       = {Health Care Management Science},
  year          = {2019},
  volume        = {22},
  number        = {2},
  pages         = {376-390},
  doi           = {10.1007/s10729-018-9445-7},
}

@article{Gorunescu,
author = {F. Gorunescu and S. I. McClean and P. H. Millard},
title = "{Using a queueing model to help plan bed allocation in a department of geriatric medicine}",
journal ={Health Care Management Science},
year = {2002},
volume = {5},
number={4},
pages = {307--312},
doi = {10.1023/A:1020342509099},
}

@Article{Corke,
  author        = {C. Corke and E. de Leeuw and S. K. Lo and C. George},
  title         = "{Predicting Future Intensive Care Demand in Australia}",
  journal       = {Critical Care and Resuscitation},
  year          = {2019},
  volume        = {11},
  number        = {4},
  pages         = {257--260},
  doi           = {10.1007/s10729-018-9445-7},
}
@article{Williams2021,
author = {E. Williams and D. Gartner and P. Harper},
title = "{A survey of OR/MS models on care planning for frail and elderly patients}",
journal = "{Operations Research for Health Care}",
year = "2021",
Volume = 31,
pages ={100325},
}

@InProceedings{Williams2022,
  author    = {E. Williams and D. Gartner and P. Harper},
  booktitle = "{2022 {IEEE} 10th International Conference on Healthcare Informatics ({ICHI})}",
  title     = "{Linking Predictive and Prescriptive Analytics of Elderly and Frail Patient Hospital Services}",
  year      = {2022},
  doi       = {10.1109/ichi54592.2022.00071},
}

@Article{Williams,
  author        = {E. Williams and T. Szakmany and I. Spernaes and B. Muthuswamy and P. Holborn},
  title         = "{Discrete-Event Simulation Modeling of Critical Care Flow: New Hospital, Old Challenges}",
  journal       = {Critical Care Explorations},
  year          = {2020},
  volume        = {2},
  number        = {9},
  pages         = {e0174},
  doi           = {10.1097/CCE.0000000000000174},
}
@Article{Kahn,
  author        = {J. Kahn},
  title         = "{Matching supply and demand in critical care}",
  journal       = "{Current Opinion in Critical Care}",
  year          = {2011},
  volume        = {17},
  number        = {6},
  pages         = {618--619},
  doi           = {10.1097/MCC.0b013e32834cdcf5},
}

@Article{Kumar2018,
  author    = {V. Kumar and M. L. Garg},
  journal   = {International Journal of Computer Applications},
  title     = "{Predictive Analytics: A Review of Trends and Techniques}",
  year      = {2018},
  number    = {1},
  pages     = {31--37},
  volume    = {182},
  doi       = {10.5120/ijca2018917434},
}

@Misc{NHSJobs2022,
  author       = "{NHS Jobs}",
  howpublished = {{Available online at: ``\url{https://www.jobs.nhs.uk/about_nhs.html}''. Last Accessed 22 March 2023}},
  title        = "{Working in the NHS}",
  year         = {2022},
}

@Misc{ONS2022,
  author       = {{Office for National Statistics}},
  howpublished = {{Available online: ``\url{https://www.ons.gov.uk/peoplepopulationandcommunity/populationandmigration/populationestimates/articles/overviewoftheukpopulation/2020}''. Last Accessed 22 March 2023}},
  title        = "{Overview of the UK population: 2020}",
  year         = {2022},
}

@Article{Aiken2021,
  author    = {L. H. Aiken and D. M. Sloane and J. Ball and L. Bruyneel and A. M. Rafferty and P. Griffiths},
  journal   = "{{BMJ} Open}",
  title     = "{Patient satisfaction with hospital care and nurses in England: an observational study}",
  year      = {2021},
  number    = {1},
  pages     = {e019189},
  volume    = {8},
  doi       = {10.1136/bmjopen-2017-019189},
  publisher = {{BMJ}},
}

@Article{Li2022,
  author    = {M. Li and P. Vanberkel and X. Zhong},
  journal   = {Socio-Economic Planning Sciences},
  title     = "{Predicting ambulance offload delay using a hybrid decision tree model}",
  year      = {2022},
  pages     = {101146},
  volume    = {80},
  doi       = {10.1016/j.seps.2021.101146},
}

@Article{Healey2015,
  author  = {R. Healey and C. Naugler and L. de Koning and J. L. Patel},
  journal = "{Leukemia \& Lymphoma},
  title   = {A classification tree approach for improving the utilization of flow cytometry testing of blood specimens for B-cell non-Hodgkin lymphoproliferative disorders}",
  year    = {2015},
  number  = {9},
  pages   = {2619--2624},
  volume  = {56},
  doi     = {10.3109/10428194.2014.999326},
}

@Article{SalazarConcha2021,
  author  = {C. Salazar-Concha and P. Ram{\'i}rez-Correa},
  journal = {Symmetry},
  title   = "{Predicting the Intention to Donate Blood among Blood Donors Using a Decision Tree Algorithm}",
  year    = {2021},
  number  = {8},
  pages   = {1460},
  volume  = {13},
  doi     = {10.3390/sym13081460},
}

@Article{Shah2021,
  author  = {K. Shah and R. Punjabi and P. Shah and M. Rao},
  journal = {International Research Journal of Engineering and Technology},
  title   = "{Real Time Diabetes Predictionusing Naïve Bayes Classifier on BigData of Healthcare}",
  year    = {2021},
  number  = {5},
  pages   = {102--107},
  volume  = {7},
}
@Article{Subbalakshmi2011,
  author  = {G. Subbalakshmi and K. Ramesh and M. Chinna Rao},
  journal = {Indian Journal of Computer Science and Engineering},
  title   = "{Decision Support in Heart Disease Prediction System using Naive Bayes}",
  year    = {2011},
  number  = {2},
  pages   = {170--176},
  volume  = {2},
}
@Article{Vembandasamy2015,
  author  = {K. Vembandasamy and R. Sasipriya and E. Deepa},
  journal = {International Journal of Innovative Science, Engineering & Technology},
  title   = "{Heart Diseases Detection Using Naive Bayes Algorithm}",
  year    = {2015},
  number  = {9},
  pages   = {441--444},
  volume  = {2},
}

@Article{Hanson2019,
  author  = {H. A. Hanson and C. Martin and B. O{\textquotesingle}Neil and C. L. Leiser and E. N. Mayer and K. R. Smith and W. T. Lowrance},
  journal = {Journal of Urology},
  title   = "{The Relative Importance of Race Compared to Health Care and Social Factors in Predicting Prostate Cancer Mortality: A Random Forest Approach}",
  year    = {2019},
  number  = {6},
  pages   = {1209--1216},
  volume  = {202},
  doi     = {10.1097/ju.0000000000000416},
}

@InProceedings{Benbelkacem2019,
  author    = {S. Benbelkacem and B. Atmani},
  booktitle = "{2019 International Conference on Computer and Information Sciences ({ICCIS})}",
  title     = "{Random Forests for Diabetes Diagnosis}",
  year      = {2019},
  doi       = {10.1109/iccisci.2019.8716405},
}

@InProceedings{Rallapalli2016,
  author    = {S. Rallapalli and T. Suryakanthi},
  booktitle = {2016 International Conference on Advances in Computing and Communication Engineering ({ICACCE})},
  title     = "{Predicting the risk of diabetes in big data electronic health Records by using scalable random forest classification algorithm}",
  year      = {2016},
  doi       = {10.1109/icacce.2016.8073762},
}

@Article{Lakshmanaprabu2019,
  author  = {S. K. Lakshmanaprabu and S. N. Mohanty and S. S. Rani and S. Krishnamoorthy and J. Uthayakumar and K. Shankar},
  journal = {Applied Soft Computing},
  title   = {Online clinical decision support system using optimal deep neural networks},
  year    = {2019},
  pages   = {105487},
  volume  = {81},
  doi     = {10.1016/j.asoc.2019.105487},
}

@Article{Chen2022,
  author  = {L. C. Chen and J. T. Sheu and Y. J. Chuang and Y. Tsao},
  journal = {Journal of Translational Engineering in Health and Medicine},
  title   = "{Predicting the Travel Distance of Patients to Access Healthcare Using Deep Neural Networks}",
  year    = {2022},
  pages   = {1--11},
  volume  = {10},
  doi     = {10.1109/jtehm.2021.3134106},
}
@Article{Battineni2019,
  author  = {G. Battineni and N. Chintalapudi and F. Amenta},
  journal = "{Informatics in Medicine Unlocked}",
  title   = "{Machine learning in medicine: Performance calculation of dementia prediction by support vector machines ({SVM})}",
  year    = {2019},
  pages   = {100200},
  volume  = {16},
  doi     = {10.1016/j.imu.2019.100200},
}
@Article{Forkert2015,
  author  = {N. D. Forkert and T. Verleger and B. Cheng and G. Thomalla and C. C. Hilgetag and J. Fiehler},
  journal = {{PLOS} {ONE}},
  title   = "{Multiclass Support Vector Machine-Based Lesion Mapping Predicts Functional Outcome in Ischemic Stroke Patients}",
  year    = {2015},
  number  = {6},
  pages   = {e0129569},
  volume  = {10},
  doi     = {10.1371/journal.pone.0129569},
}
@Article{Kamruzzaman2006,
  author  = {J. Kamruzzaman and R. K. Begg},
  journal = {{IEEE} Transactions on Biomedical Engineering},
  title   = {Support Vector Machines and Other Pattern Recognition Approaches to the Diagnosis of Cerebral Palsy Gait},
  year    = {2006},
  number  = {12},
  pages   = {2479--2490},
  volume  = {53},
  doi     = {10.1109/tbme.2006.883697},
}
@Article{Lin2016,
  author  = {D. Lin and A. V. Vasilakos and Y. Tang and Y. Yao},
  journal = {Neurocomputing},
  title   = "{Neural networks for computer-aided diagnosis in medicine: A review}",
  year    = {2016},
  pages   = {700--708},
  volume  = {216},
  doi     = {10.1016/j.neucom.2016.08.039},
}

@Article{Kukita2013,
  author  = {Y. Kukita and J. Uchida and S. Oba and K. Nishino and T. Kumagai and K. Taniguchi and T. Okuyama and F. Imamura and K. Kato},
  journal = {{PLoS} {ONE}},
  title   = "{Quantitative Identification of Mutant Alleles Derived from Lung Cancer in Plasma Cell-Free {DNA} via Anomaly Detection Using Deep Sequencing Data}",
  year    = {2013},
  number  = {11},
  pages   = {e81468},
  volume  = {8},
  doi     = {10.1371/journal.pone.0081468},
}

@Article{Liu2011,
  author  = {D.-Y. Liu and H.-L. Chen and B. Yang and X.-E. Lv and L.-N. Li and J. Liu},
  journal = {Journal of Medical Systems},
  title   = "{Design of an Enhanced Fuzzy k-nearest Neighbor Classifier Based Computer Aided Diagnostic System for Thyroid Disease}",
  year    = {2011},
  number  = {5},
  pages   = {3243--3254},
  volume  = {36},
  doi     = {10.1007/s10916-011-9815-x},
}

@Article{Shouman2012,
  author  = {M. Shouman and T. Turner and R. Stocker},
  journal = {International Journal of Information and Education Technology},
  title   = "{Applying k-Nearest Neighbour in Diagnosing Heart Disease Patients}",
  year    = {2012},
  pages   = {220--223},
  doi     = {10.7763/ijiet.2012.v2.114},
}

@InProceedings{Belciug2010,
  author    = {S. Belciug and A. Salem and F. Gorunescu and M. Gorunescu},
  booktitle = "{2010 10th International Conference on Intelligent Systems Design and Applications}",
  title     = "{Clustering-based approach for detecting breast cancer recurrence}",
  year      = {2010},
  doi       = {10.1109/isda.2010.5687211},
}

@InProceedings{Chauhan2015,
  author    = {S. Chauhan and L. Vig},
  booktitle = {2015 {IEEE} International Conference on Data Science and Advanced Analytics ({DSAA})},
  title     = "{Anomaly detection in {ECG} time signals via deep long short-term memory networks}",
  year      = {2015},
  month     = {oct},
  publisher = {{IEEE}},
  doi       = {10.1109/dsaa.2015.7344872},
}

@Article{Sabic2020,
  author  = {E. {\v{S}}abi{\'{c}} and D. Keeley and B. Henderson and S. Nannemann},
  journal = {{AI} {\&} {SOCIETY}},
  title   = "{Healthcare and anomaly detection: using machine learning to predict anomalies in heart rate data}",
  year    = {2020},
  number  = {1},
  pages   = {149--158},
  volume  = {36},
  doi     = {10.1007/s00146-020-00985-1},
}

@Article{Gadekallu2020,
  author  = {T. R. Gadekallu and N. Khare and S. Bhattacharya and S. Singh and P. K. R. Maddikunta and I.-H. Ra and M. Alazab},
  journal = {Electronics},
  title   = "{Early Detection of Diabetic Retinopathy Using {PCA}-Firefly Based Deep Learning Model}",
  year    = {2020},
  number  = {2},
  pages   = {274},
  volume  = {9},
  doi     = {10.3390/electronics9020274},
}

@Article{Jha2017,
  author  = {Debesh Jha and Ji-In Kim and Goo-Rak Kwon},
  journal = {Journal of Healthcare Engineering},
  title   = {Diagnosis of Alzheimer's Disease Using Dual-Tree Complex Wavelet Transform, {PCA}, and Feed-Forward Neural Network},
  year    = {2017},
  pages   = {1--13},
  volume  = {2017},
  doi     = {10.1155/2017/9060124},
}

@Article{Jha2017,
  author  = {Debesh Jha and Ji-In Kim and Goo-Rak Kwon},
  journal = {Journal of Healthcare Engineering},
  title   = {Diagnosis of Alzheimer's Disease Using Dual-Tree Complex Wavelet Transform, {PCA}, and Feed-Forward Neural Network},
  year    = {2017},
  pages   = {1--13},
  volume  = {2017},
  doi     = {10.1155/2017/9060124},
}

@Article{Balamurugan2017,
  author  = {M. Balamurugan and A. Nancy and S. Vijaykumar},
  journal = {Biomedical and Pharmacology Journal},
  title   = "{Alzheimer's Disease Diagnosis by using Dimensionality Reduction Based on Knn Classifier}",
  year    = {2017},
  number  = {4},
  pages   = {1823--1830},
  volume  = {10},
  doi     = {10.13005/bpj/1299},
}

@Misc{Shalizi2009,
  author       = {Cosma Shalizi},
  howpublished = {{Available online: ``\url{https://www.stat.cmu.edu/~cshalizi/350/lectures/22/lecture-22.pdf}''} Accessed 21 October 2022},
  title        = "{Classification and Regression Trees}",
  year         = {2009},
}

@Article{Schonlau2020,
  author  = {M. Schonlau and R. Y. Zou},
  journal = {The Stata Journal: Promoting communications on statistics and Stata},
  title   = "{The random forest algorithm for statistical learning}",
  year    = {2020},
  number  = {1},
  pages   = {3--29},
  volume  = {20},
  doi     = {10.1177/1536867x20909688},
}

@Article{Pedregosa2011,
  author  = {Pedregosa, F. and Varoquaux, G. and Gramfort, A. and Michel, V. and Thirion, B. and Grisel, O. and Blondel, M. and Prettenhofer, P. and Weiss, R. and Dubourg, V. and Vanderplas, J. and Passos, A. and Cournapeau, D. and Brucher, M. and Perrot, M. and Duchesnay, E.},
  journal = {Journal of Machine Learning Research},
  title   = {Scikit-learn: Machine Learning in {P}ython},
  year    = {2011},
  pages   = {2825--2830},
  volume  = {12},
}

@InProceedings{McKinney2010,
  author    = { {W}. {M}c{K}inney },
  booktitle = { {P}roceedings of the 9th {P}ython in {S}cience {C}onference },
  title     = { {D}ata {S}tructures for {S}tatistical {C}omputing in {P}ython },
  year      = { 2010 },
  pages     = { 56 - 61 },
  doi       = { 10.25080/Majora-92bf1922-00a },
}


@Misc{Perktold2022,
  author       = {J. Perktold and S. Seabold and J. Taylor and statsmodels-developers},
  howpublished = {Available online at: ``\url{https://www.statsmodels.org/stable/index.html}''. Last Accessed 22 March 2023},
  title        = {Statsmodels},
  year         = {2022},
}


@Article{Maggioni2010,
  author    = {F. Maggioni and S. W. Wallace},
  journal   = {Annals of Operations Research},
  title     = "{Analyzing the quality of the expected value solution in~stochastic programming}",
  year      = {2010},
  number    = {1},
  pages     = {37--54},
  volume    = {200},
  doi       = {10.1007/s10479-010-0807-x},
}

@Article{Lopes2020,
  author  = {J. Lopes and T. Guimar{\~{a}}es and M. F. Santos},
  journal = {Procedia Computer Science},
  title   = "{Predictive and Prescriptive Analytics in Healthcare: A Survey}",
  year    = {2020},
  pages   = {1029--1034},
  volume  = {170},
  doi     = {10.1016/j.procs.2020.03.078},
}

@InCollection{Lepenioti2019,
  author    = {K. Lepenioti and A. Bousdekis and D. Apostolou and G. Mentzas},
  booktitle = {Business Information Systems Workshops},
  publisher = {Springer International Publishing},
  title     = "{Prescriptive Analytics: A Survey of Approaches and Methods}",
  year      = {2019},
  pages     = {449--460},
  doi       = {10.1007/978-3-030-04849-5_39},
}

@Misc{NHS2022,
  author       = {{NHS}},
  howpublished = {{{Available online at: ``\url{https://www.healthcareers.nhs.uk/working-health/working-nhs/nhs-pay-and-benefits/agenda-change-pay-rates/agenda-change-pay-rates}''. Last Accessed 22 March 2023}}},
  title        = "{Agenda for change - pay rates}",
  year         = {2022},
}

@Article{Islam2018,
  author  = {M. Islam and M. Hasan and X. Wang and H. Germack and M. Noor-E-Alam},
  journal = {Healthcare},
  title   = "{A Systematic Review on Healthcare Analytics: Application and Theoretical Perspective of Data Mining}",
  year    = {2018},
  number  = {2},
  pages   = {54},
  volume  = {6},
  doi     = {10.3390/healthcare6020054},
}

@Article{Valipour2013,
  author    = {M. T. Valipour and A. Nedjati and R. Kazemi},
  journal   = {International Journal of Modeling and Optimization},
  title     = "{Solving Health Care Facility Location Problems with New Heuristic Algorithm Method}",
  year      = {2013},
  pages     = {12--14},
  doi       = {10.7763/ijmo.2013.v3.225},
}

@InProceedings{Kady2017,
  author    = {A. El Kady and S. A. Sami and A. M. Eldeib},
  booktitle = {Proceedings of the 9th International Conference on Bioinformatics and Biomedical Technology - {ICBBT} {\textquotesingle}17},
  title     = "{A Two Stage Heuristics for Improvement of Existing Multi Floor Healthcare Facility Layout}",
  year      = {2017},
  doi       = {10.1145/3093293.3093308},
}

@Article{Liu2013,
  author    = {R. Liu and X. Xie and V. Augusto and C. Rodriguez},
  journal   = {European Journal of Operational Research},
  title     = "{Heuristic algorithms for a vehicle routing problem with simultaneous delivery and pickup and time windows in home health care}",
  year      = {2013},
  number    = {3},
  pages     = {475--486},
  volume    = {230},
  doi       = {10.1016/j.ejor.2013.04.044},
}

@Article{Kim2013,
  author    = {D.-G. Kim and Y.-D. Kim},
  journal   = {Annals of Operations Research},
  title     = "{A Lagrangian heuristic algorithm for a public healthcare facility location problem}",
  year      = {2013},
  number    = {1},
  pages     = {221--240},
  volume    = {206},
  doi       = {10.1007/s10479-013-1378-4},
}

@InProceedings{Wong2011,
  author    = {S. Y. Wong and K. L. Tsui and K. S. Chin and M. Xu},
  booktitle = {2011 {IEEE} International Conference on Quality and Reliability},
  title     = "{A simulation study to achieve healthcare service quality improvement in accident {\&} emergency department ({AED})}",
  year      = {2011},
  doi       = {10.1109/icqr.2011.6031721},
}

@InProceedings{Weng2011,
  author    = {Weng, S.-J. and Tsai, B.-S. and Wang, L.-M and Chang, C.-Y. and Gotcher, D.},
  booktitle = "{Proceedings of the 2011 Winter Simulation Conference (WSC)}",
  title     = "{Using simulation and Data Envelopment Analysis in optimal healthcare efficiency allocations}",
  year      = {2011},
  pages     = {1295-1305},
  doi       = {10.1109/WSC.2011.6147850},
}

@InProceedings{Komashie2008,
  author    = {A. Komashie and A. Mousavi and J. Gore},
  booktitle = {Tenth International Conference on Computer Modeling and Simulation (uksim 2008)},
  title     = "{Using Discrete Event Simulation ({DES}) to Manage Theatre Operations in Healthcare: An Audit-Based Case Study}",
  year      = {2008},
  doi       = {10.1109/uksim.2008.112},
}

@Article{Carmen2015,
  author  = {R. Carmen and M. Defraeye and I. Van Nieuwenhuyse},
  journal = {International Journal of Simulation Modelling},
  title   = "{A Decision Support System for Capacity Planning in Emergency Departments}",
  year    = {2015},
  number  = {2},
  pages   = {299--312},
  volume  = {14},
  doi     = {10.2507/ijsimm14(2)10.308},
}

@Article{Ponis2013,
  author  = {S. T. Ponis and A. Delis and S. P. Gayialis and P. Kasimatis and J. Tan},
  journal = {International Journal of Healthcare Information Systems and Informatics},
  title   = "{Applying Discrete Event Simulation ({DES}) in Healthcare}",
  year    = {2013},
  number  = {3},
  pages   = {58--79},
  volume  = {8},
  doi     = {10.4018/jhisi.2013070104},
}

@Article{Pardede2019,
  author  = {A. M. H. Pardede and H. Mawengkang and M. Zarlis and T. Tulus},
  journal = {Internaltional Journal on Advanced Science Engineering Information Technology},
  title   = "{Optimization of Health Care Services with Limited Resources}",
  year    = {2019},
  number  = {4},
  pages   = {1444--1449},
  volume  = {9},
}

@Article{Perez2013,
  author  = {E. P{\'{e}}rez and L. Ntaimo and C{\'{e}}sar O. Malav{\'{e}} and C. Bailey and P. McCormack},
  journal = {Health Care Management Science},
  title   = "{Stochastic online appointment scheduling of multi-step sequential procedures in nuclear medicine}",
  year    = {2013},
  number  = {4},
  pages   = {281--299},
  volume  = {16},
  doi     = {10.1007/s10729-013-9224-4},
}

@Article{Zacharias2013,
  author  = {C. Zacharias and M. Pinedo},
  journal = {Production and Operations Management},
  title   = "{Appointment Scheduling with No-Shows and Overbooking}",
  year    = {2013},
  number  = {5},
  pages   = {788--801},
  volume  = {23},
  doi     = {10.1111/poms.12065},
}

@InProceedings{Baniya2017,
  author    = {A. Baniya and S. Herrmann and Q. Qiao and H. Lu},
  booktitle = "{Proceedings of the IIE Annual Conference}",
  title     = "{Adaptive Interventions Treatment Modelling and Regimen Optimization Using Sequential Multiple Assignment Randomized Trials (SMART) and Q-learning}",
  year      = {2017},
  pages     = {1187--1192},
}

@Article{YomTov2017,
  author  = {E. Yom-Tov and G. Feraru and M. Kozdoba and S. Mannor and M. Tennenholtz and I. Hochberg},
  journal = {Journal of Medical Internet Research},
  title   = "{Encouraging Physical Activity in Patients With Diabetes: Intervention Using a Reinforcement Learning System}",
  year    = {2017},
  number  = {10},
  pages   = {e338},
  volume  = {19},
  doi     = {10.2196/jmir.7994},
}

@Article{Popova2018,
  author  = {M. Popova and O. Isayev and A. Tropsha},
  journal = {Science Advances},
  title   = "{Deep reinforcement learning for de novo drug design}",
  year    = {2018},
  number  = {7},
  volume  = {4},
  doi     = {10.1126/sciadv.aap7885},
}

@InProceedings{Serrano2018,
  author    = {A. Serrano and B. Imbern{\'{o}}n and H. P{\'{e}}rez-S{\'{a}}nchez and J. M. Cecilia and A. Bueno-Crespo and J. L. Abell{\'{a}}n},
  booktitle = {Proceedings of the 47th International Conference on Parallel Processing Companion},
  title     = "{Accelerating Drugs Discovery with Deep Reinforcement Learning}",
  year      = {2018},
  doi       = {10.1145/3229710.3229731},
}

@Article{Olivecrona2017,
  author  = {M. Olivecrona and T. Blaschke and O. Engkvist and H. Chen},
  journal = {Journal of Cheminformatics},
  title   = "{Molecular de-novo design through deep reinforcement learning}",
  year    = {2017},
  number  = {1},
  volume  = {9},
  doi     = {10.1186/s13321-017-0235-x},
}

@Article{Schuetz2012,
  author  = {H.-J. Schütz and R. Kolisch},
  journal = {European Journal of Operational Research},
  title   = "{Approximate dynamic programming for capacity allocation in the service industry}",
  year    = {2012},
  number  = {1},
  pages   = {239--250},
  volume  = {218},
  doi     = {10.1016/j.ejor.2011.09.007},
}

@Article{Srinivas2018,
  author  = {S. Srinivas and A. R. Ravindran},
  journal = {Expert Systems with Applications},
  title   = "{Optimizing outpatient appointment system using machine learning algorithms and scheduling rules: A prescriptive analytics framework}",
  year    = {2018},
  pages   = {245--261},
  volume  = {102},
  doi     = {10.1016/j.eswa.2018.02.022},
}

@Article{Galli2020,
  author  = {L. Galli and T. Levato and F. Schoen and L. Tigli},
  journal = {Journal of the Operational Research Society},
  title   = "{Prescriptive analytics for inventory management in health care}",
  year    = {2020},
  number  = {10},
  pages   = {2211--2224},
  volume  = {72},
  doi     = {10.1080/01605682.2020.1776167},
}

@Misc{UniAneurinBevanHealthBoard,
  author       = {{Aneurin Bevan University Health Board}},
  howpublished = {{Available online at: ``\url{https://abuhb.nhs.wales/clinical-futures/caring-for-you-and-your-future/}''. Last Accessed 22 March 2023}},
  title        = "{Caring For You and Your Future}",
}


@Misc{GOV.UK2001,
  author       = {{GOV.UK}},
  howpublished = {{Available online at: ``\url{https://assets.publishing.service.gov.uk/government/uploads/system/uploads/attachment_data/file/198033/National_Service_Framework_for_Older_People.pdf}''. Last Accessed 22 March 2023}},
  title        = {Modern Standards and Service Models: Older People},
  year         = {2001},
}


@Misc{NHSEngland,
  author       = {{NHS England}},
  howpublished = {{Available online at : ``\url{https://www.england.nhs.uk/ourwork/clinical-policy/older-people/improving-care-for-older-people/}''. Last Accessed 22 March 2023}},
  title        = {Improving care for older people},
}


@Article{Orimo2006,
  author    = {H. Orimo and H. Ito and T. Suzuki and A. Araki and T. Hosoi and M. Sawabe},
  journal   = {Geriatrics and Gerontology International},
  title     = "{Reviewing the definition of "elderly"}",
  year      = {2006},
  number    = {3},
  pages     = {149--158},
  volume    = {6},
  doi       = {10.1111/j.1447-0594.2006.00341.x},
}

@Article{Crews2006,
  author    = {D. E. Crews and S. Zavotka},
  journal   = "{Journal of Physiological Anthropology}",
  title     = "{Aging, Disability, and Frailty: Implications for Universal Design}",
  year      = {2006},
  number    = {1},
  pages     = {113--118},
  volume    = {25},
  doi       = {10.2114/jpa2.25.113},
}

@Article{Topinkova2008,
  author  = {E. Topinkov{\'{a}}},
  journal = {Annals of Nutrition and Metabolism},
  title   = {Aging, Disability and Frailty},
  year    = {2008},
  number  = {Suppl. 1},
  pages   = {6--11},
  volume  = {52},
  doi     = {10.1159/000115340},
}

@Article{Dent2016,
  author  = {E. Dent and P. Kowal and E. O. Hoogendijk},
  journal = {European Journal of Internal Medicine},
  title   = "{Frailty measurement in research and clinical practice: A review}",
  year    = {2016},
  pages   = {3--10},
  volume  = {31},
  doi     = {10.1016/j.ejim.2016.03.007},
}

@Misc{NHSEnglanda,
  author       = {{NHS England}},
  howpublished = {Available online at ``\url{https://www.england.nhs.uk/ourwork/clinical-policy/older-people/frailty/efi/}''. Last Accessed 22 March 2023},
  title        = "{Electronic Frailty Index}",
}

@Article{Rockwood2005,
  author  = {K. Rockwood},
  journal = {Canadian Medical Association Journal},
  title   = {A global clinical measure of fitness and frailty in elderly people},
  year    = {2005},
  number  = {5},
  pages   = {489--495},
  volume  = {173},
  doi     = {10.1503/cmaj.050051},
}

@Misc{AgeUK2020,
  author       = {{Age UK}},
  howpublished = {Available online at: ``\url{https://www.ageuk.org.uk/our-impact/policy-research/frailty-in-older-people/understanding-frailty/}''. Last Accessed 22 March 2023},
  title        = {Understanding frailty},
  year         = {2020},
}

@Misc{WelshGovernment2022,
  author       = {{Welsh Government}},
  howpublished = {Available online at: ``\url{https://gov.wales/national-population-projections-interim-data-2020-based#:~:text=Main\%20points,3.17\%20million\%20to\%203.30\%20million.}''. Last Accessed 22 March 2023},
  title        = "{National population projections (interim data): 2020-based}",
  year         = {2022},
}

@Misc{UniAneurinBevanHealthBoardb,
  author       = "{Aneurin Bevan University Health Board}",
  howpublished = {Available online at: ``\url{https://abuhb.nhs.wales/about-us/the-health-board/}''. Last Accessed 22 March 2023},
  title        = "{The Health Board}",
}

@Misc{UniAneurinBevanHealthBoarda,
  author       = {{Aneurin Bevan University Health Board}},
  howpublished = {Available online at: ``\url{https://abuhb.nhs.wales/about-us/abci/}''. Last Accessed 22 March 2023},
  title        = "{Aneurin Bevan Continuous Improvement (ABCi)}",
}

@Misc{UniAneurinBevanHealthBoard2018,
  author       = {{Aneurin Bevan University Health Board}},
  howpublished = {Available online at: ``\url{https://abuhb.nhs.wales/files/key-documents/annual-plan-2021-2022/2021-22-health-board-annual-plan-pdf/}''. Last Accessed 22 March 2023},
  title        = "{Aneurin Bevan University Health Board - ANNUAL PLAN 2021/22}",
}

@Misc{WelshGovernment,
  author       = {{Welsh Government}},
  howpublished = {Available online at: ``\url{https://gov.wales/well-being-of-future-generations-wales}''. Last Accessed 22 March 2023},
  title        = "{The Well-being of Future Generations}",
}

@Misc{NHSWales,
  author       = {{NHS Wales}},
  howpublished = {Available online at: ``\url{https://dhcw.nhs.wales/information-services/information-standards/clinical-classifications-and-terminology-standards/about-clinical-classifications-and-coding/icd-10/}''. Last Accessed 22 March 2023},
  title        = "{ICD-10}",
}

@Book{Welch2018,
  author    = {E. Welch},
  publisher = {Barnsley: Pen \& Sword Books Limited},
  title     = "{The NHS at 70 A Living History}",
  year      = {2018},
}
@Misc{ONS2022a,
  author       = {{Office for National Statistics}},
  howpublished = {Available online at: ``\url{https://www.ons.gov.uk/peoplepopulationandcommunity/healthandsocialcare/healthcaresystem/bulletins/healthcareexpenditureukhealthaccountsprovisionalestimates/2021#government-healthcare-expenditure}''. Last Accessed 22 March 2023},
  title        = "{Healthcare expenditure, UK Health Accounts provisional estimates: 2021}",
  year         = {2022},
}


@Misc{NHSEnglandb,
  author       = {{NHS England}},
  howpublished = {Available online at: ``\url{https://www.england.nhs.uk/urgent-emergency-care/reducing-length-of-stay/reducing-long-term-stays/home-first/}''. Last Accessed 22 March 2023},
  title        = "{Principle 5: Encourage a supported ‘Home First’ approach}",
}
@Misc{NuffieldTrust2022a,
  author       = {{Nuffield Trust}},
  howpublished = {Available online at: ``\url{https://bolt.nuffieldtrust.org.uk/public/chart/why-are-delayed-discharges-happening}''. Last Accessed 19 July 2023},
  title        = "{Why are delayed discharges happening? (April 2022)}",
  year         = {2022},
}

@Misc{NuffieldTrust2022,
  author       = {{Nuffield Trust}},
  howpublished = {Available online at: ``\url{https://www.nuffieldtrust.org.uk/news-item/hospitals-at-capacity-understanding-delays-in-patient-discharge}''. Last Accessed 22 March 2023},
  title        = "{Hospitals at capacity: understanding delays in patient discharge}",
  year         = {2022},
}



@Misc{NHSAct2006,
  howpublished = {Available online at ``\url{https://www.legislation.gov.uk/anaw/2016/5/section/1/enacted}''. Last Accessed 22 March 2023},
  title        = "{National Health Service (Wales) Act 2006 (c.42). [Online]. The National Assembly of Wales}",
}

@Misc{NIHCE2014,
  author       = {{National Institute for Health and Care Excellence}},
  howpublished = {Available online at: ``\url{https://www.nice.org.uk/guidance/sg1/chapter/Recommendations#assessing-if-nursing-staff-available-on-the-day-meet-patients-nursing-needs}''. Last Accessed 22 March 2023},
  title        = "{Safe staffing for nursing in adult inpatient wards in acute hospitals}",
  year         = {2014},
}

@InProceedings{Luna1993,
  author    = {J. J. Luna},
  booktitle = {Proceedings of the 1993 Winter Simulation Conference},
  title     = "{Hierarchical relation in simulation models}",
  year      = {1993},
  doi       = {10.1145/256563.256607},
}

@Article{OConnor2021,
  author    = {C. Hunt-O{\textquotesingle}Connor and Z. Moore and D. Patton and L. Nugent and P. Avsar and T. O{\textquotesingle}Connor},
  journal   = {Journal of Nursing Management},
  title     = "{The effect of discharge planning on length of stay and readmission rates of older adults in acute hospitals: A systematic review and meta-analysis of systematic reviews}",
  year      = {2021},
  number    = {8},
  pages     = {2697--2706},
  volume    = {29},
  doi       = {10.1111/jonm.13409},
}

@Article{Pellett2016,
  author    = {C. Pellett},
  journal   = {British Journal of Community Nursing},
  title     = "{Discharge planning: best practice in transitions of care}",
  year      = {2016},
  number    = {11},
  pages     = {542--548},
  volume    = {21},
  doi       = {10.12968/bjcn.2016.21.11.542},
}

@Article{Adamis2017,
  author    = {D. Adamis and D. Meagher and S. Rooney and O. Mulligan and G. McCarthy},
  journal   = "{International Psychogeriatrics}",
  title     = "{A comparison of outcomes according to different diagnostic systems for delirium ({DSM}-5, {DSM}-{IV}, {CAM}, and {DRS}-R98)}",
  year      = {2017},
  number    = {4},
  pages     = {591--596},
  volume    = {30},
  doi       = {10.1017/s1041610217001697}
  }

  @Article{AgasiIdenburg2019,
  author    = {S. C. Agasi-Idenburg and C. J. A. Punt and N. K. Aaronson and M. M. Stuiver},
  journal   = {Aging Clinical and Experimental Research},
  title     = "{The association between preoperative fatigue and instrumental activities in daily living with complications and length of hospital stay in patients undergoing colorectal surgery}",
  year      = {2019},
  number    = {2},
  pages     = {257--264},
  volume    = {32},
  doi       = {10.1007/s40520-019-01199-2},
  }
  
@Article{Alyahya2017,
  author    = {M. S. Alyahya and H. H. Hijazi and H. A. Alshraideh and A. D. Al-Nasser},
  journal   = "{Informatics for Health and Social Care}",
  title     = "{Using decision trees to explore the association between the length of stay and potentially avoidable readmissions: A retrospective cohort study}",
  year      = {2017},
  number    = {4},
  pages     = {361--377},
  volume    = {42},
  doi       = {10.1080/17538157.2016.1269105},
  }

  @Article{Bahrmann2018,
  author    = {A. Bahrmann and L. Benner and M. Christ and T. Bertsch and C. C. Sieber and H. Katus and P. Bahrmann},
  journal   = "{Aging Clinical and Experimental Research}",
  title     = "{The Charlson Comorbidity and Barthel Index predict length of hospital stay, mortality, cardiovascular mortality and rehospitalization in unselected older patients admitted to the emergency department}",
  year      = {2018},
  number    = {9},
  pages     = {1233--1242},
  volume    = {31},
  doi       = {10.1007/s40520-018-1067-x},
  }

  @Article{Basic2015,
  author    = {D. Basic and A. Khoo},
  journal   = "{Australasian Journal on Ageing}",
  title     = "{New medical diagnoses and length of stay of acutely unwell older patients: Implications for funding models}",
  year      = {2015},
  number    = {3},
  pages     = {160--165},
  volume    = {34},
  doi       = {10.1111/ajag.12160},
  }

@Article{Beauchet2021,
  author    = {O. Beauchet and J. Lubov and K. Galery and M. Afilalo and C. P. Launay},
  journal   = "{European Geriatric Medicine}",
  title     = "{Emergency room evaluation and recommendations for older emergency department users: results of the ER$^{2}$ experimental study}",
  year      = {2021},
  month     = {jun},
  number    = {5},
  pages     = {921--929},
  volume    = {12},
  doi       = {10.1007/s41999-021-00517-0},
  }

@Article{Beauchet2013,
  author    = {O. Beauchet and C. Launay and L. De Decker and B. Fantino and A. Kabeshova and C. Annweiler},
  journal   = {The Journal of Nutrition, Health \& Aging},
  title     = "{Who is at risk of long hospital stay among patients admitted to geriatric acute care unit? Results from a prospective cohort study}",
  year      = {2013},
  number    = {8},
  pages     = {695--699},
  volume    = {17},
  doi       = {10.1007/s12603-013-0333-z},
  }

@Article{Beauchet2018,
  author    = {O. Beauchet and S. Fung and C. P. Launay and J. Afilalo and P. Herbert and M. Afilalo and J. Chabot},
  journal   = {Maturitas},
  title     = "{Predicting a long hospital stay after admission to a geriatric assessment unit: Results from an observational retrospective cohort study}",
  year      = {2018},
  pages     = {110--114},
  volume    = {115},
  doi       = {10.1016/j.maturitas.2018.06.014},
  }

@Article{Cacciatore2012,
  author    = {F. Cacciatore and C. B. Anello and N. Ferrara and F. Mazzella and M. Manzi and U De Angelis and Pasquale Abete},
  journal   = "{Aging Clinical and Experimental Research}",
  title     = "{Determinants of prolonged intensive care unit stay after cardiac surgery in the elderly}",
  year      = {2012},
  volume    = {24},
  doi       = {10.3275/8521},
}

@Article{Chen2020,
  author    = {H. Chen and Y. Hara and N. Horita and Y. Saigusa and Y. Hirai and T. Kaneko},
  journal   = {Clinical Interventions in Aging},
  title     = "{Declined Functional Status Prolonged Hospital Stay for Community-Acquired Pneumonia in Seniors}",
  year      = {2020},
  pages     = {1513--1519},
  volume    = {Volume 15},
  doi       = {10.2147/cia.s267349},
  }

@Article{Chua2007,
  author    = {M. Chua and G. E. Hoyle and R. L. Soiza},
  journal   = {Archives of Gerontology and Geriatrics},
  title     = "{Prognostic implications of hyponatremia in elderly hospitalized patients}",
  year      = {2007},
  number    = {3},
  pages     = {253--258},
  volume    = {45},
  doi       = {10.1016/j.archger.2006.11.002},
  }

@Article{Chung2010,
  author    = {W. Chung and S. M. Oh and T. Suh and Y. M. Lee and B. H. Oh and C. W. Yoon},
  journal   = {Health Policy},
  title     = "{Determinants of length of stay for psychiatric inpatients: Analysis of a national database covering the entire Korean elderly population}",
  year      = {2010},
  number    = {2},
  pages     = {120--128},
  volume    = {94},
  doi = {10.1016/j.healthpol.2009.09.004},
  }

@Article{Fan2021,
  author    = {L. Fan and Y. Tian and J. Wang and Y. Ding and S. Wang and H. Xue and W. Du},
  journal   = {Journal of the American Medical Directors Association},
  title     = "{Frailty Predicts Increased Health Care Utilization Among Community-Dwelling Older Adults: A Longitudinal Study in China}",
  year      = {2021},
  number    = {9},
  pages     = {1819--1824},
  volume    = {22},
  doi       = {10.1016/j.jamda.2021.01.082},
}

@Article{Feuerstadt2022,
  author    = {P. Feuerstadt and W. W. Nelson and E. M. Drozd and J. Dreyfus and D. N. Dahdal and A. C. Wong and I. Mohammadi and C. Teigland and A. Amin},
  journal   = {Journal of the American Medical Directors Association},
  title     = "{Mortality, Health Care Use, and Costs of Clostridioides difficile Infections in Older Adults}",
  year      = {2022},
  number    = {10},
  pages     = {1721--1728.e19},
  volume    = {23},
  doi       = {10.1016/j.jamda.2022.01.075},
  }

@Article{Harari2007,
  author    = {D. Harari and F. C. Martin and A. Buttery and S. O{\textquotesingle}Neill and A. Hopper},
  journal   = {Age and Ageing},
  title     = "{The older persons{\textquotesingle} assessment and liaison team {\textquotesingle}{OPAL}{\textquotesingle}: evaluation of comprehensive geriatric assessment in acute medical inpatients}",
  year      = {2007},
  month     = {nov},
  number    = {6},
  pages     = {670--675},
  volume    = {36},
  doi       = {10.1093/ageing/afm089},
}

@Article{Hartley2019,
  author    = {P. J. Hartley and V. L. Keevil and L. Alushi and R. L. Charles and E. B. Conroy and P. M. Costello and B. Dixon and A. M. Dolinska-Grzybek and D. Vajda and R. Romero-Ortuno},
  journal   = {Journal of Geriatric Physical Therapy},
  title     = "{Earlier Physical Therapy Input Is Associated With a Reduced Length of Hospital Stay and Reduced Care Needs on Discharge in Frail Older Inpatients: An Observational Study}",
  year      = {2019},
  number    = {2},
  pages     = {E7--E14},
  volume    = {42},
  doi       = {10.1519/jpt.0000000000000134},
  }

 @Article{Harvey2020,
  author    = {L. A. Harvey and B. Toson and C. Norris and I. A. Harris and R. C. Gandy and J. J. C. T. Close},
  journal   = {Age and Ageing},
  title     = "{Does identifying frailty from {ICD}-10 coded data on hospital admission improve prediction of adverse outcomes in older surgical patients? A population-based study}",
  year      = {2020},
  number    = {3},
  pages     = {802--808},
  volume    = {50},
  doi       = {10.1093/ageing/afaa214},
  }

@Article{Hasebe2018,
  author    = {K. Hasebe and R. Momosaki and M. Sawabe and M. Chono and A. Sawaguchi and S. Kasuga and D. Asanuma and S. Suzuki and N. Miyauchi and M. Abo},
  journal   = {Geriatrics \& Gerontology International},
  title     = "{Effectiveness of weekend physical rehabilitation for functional recovery in geriatric patients with hip fracture}",
  year      = {2018},
  number    = {8},
  pages     = {1143--1146},
  volume    = {18},
  doi       = {10.1111/ggi.13326},
  }

 @Article{Hoben2019,
  author    = {M. Hoben and S. A. Chamberlain and A. Gruneir and J. A. Knopp-Sihota and J. M. Sutherland and J. W. Poss and M. B. Doupe and V. Bergstrom and P. G. Norton and C. Schalm and K. McCarthy and K. Kashuba and F. Ackah and C. A. Estabrooks},
  journal   = {Journal of the American Medical Directors Association},
  title     = "{Nursing Home Length of Stay in 3 Canadian Health Regions: Temporal Trends, Jurisdictional Differences, and Associated Factors}",
  year      = {2019},
  number    = {9},
  pages     = {1121--1128},
  volume    = {20},
  doi       = {10.1016/j.jamda.2019.01.144},
  }

  @Article{Hubbard2017,
  author    = {R. E. Hubbard and N. M. Peel and M. Samanta and L. C. Gray and A. Mitnitski and K. Rockwood},
  journal   = {Age and Ageing},
  title     = "{Frailty status at admission to hospital predicts multiple adverse outcomes}",
  year      = {2017},
  number    = {5},
  pages     = {801--806},
  volume    = {46},
  doi       = {10.1093/ageing/afx081},
  }

  @Article{Johnson2011,
  author    = {K. S. Johnson and M. Kuchibhatla and J. A. Tulsky},
  journal   = {Journal of the American Geriatrics Society},
  title     = "{Racial Differences in Location Before Hospice Enrollment and Association with Hospice Length of Stay}",
  year      = {2011},
  number    = {4},
  pages     = {732--737},
  volume    = {59},
  doi       = {10.1111/j.1532-5415.2011.03326.x},
  }

@Article{Jones2021,
  author    = {T. S. Jones and E. L. Jones and V. Richardson and J. B. Finley and J. L. Franklin and D. L. Gore and C. P. Horney and A. Kovar and T. L. Morin and T. N. Robinson},
  journal   = {Journal of the American Geriatrics Society},
  title     = "{Preliminary data demonstrate the Geriatric Surgery Verification program reduces postoperative length of stay}",
  year      = {2021},
  number    = {7},
  pages     = {1993--1999},
  volume    = {69},
  doi       = {10.1111/jgs.17154},
  }

  @Article{Justo2011,
  author    = {D. Justo and N. Vislapu and V. Shvedov and M. Fickte and A. Danylesko and P. Kimelman and C. Merdler and Y. Lerman},
  journal   = {Archives of Gerontology and Geriatrics},
  title     = "{Admission Norton scale scores ({ANSS}) correlate with rehabilitation outcome and length in elderly patients following hip arthroplasty}",
  year      = {2011},
  number    = {1},
  pages     = {e33--e36},
  volume    = {53},
  doi       = {10.1016/j.archger.2010.10.008},
  }
@Article{Kidd2014,
  author    = {A. C. Kidd and P. Musonda and R. L. Soiza and C. Butchart and C. J. Lunt and Y. Pai and Y. Hameed and C. Fox and J. F. Potter and P. K. Myint},
  journal   = {Archives of Gerontology and Geriatrics},
  title     = "{The relationship between total anticholinergic burden ({ACB}) and early in-patient hospital mortality and length of stay in the oldest old aged 90 years and over admitted with an acute illness}",
  year      = {2014},
  number    = {1},
  pages     = {155--161},
  volume    = {59},
  doi       = {10.1016/j.archger.2014.01.006},
  }

@Article{Kim2018,
  author    = {J.-H. Kim and Y. Lee},
  journal   = {Archives of Gerontology and Geriatrics},
  title     = "{Implementation of long-term care and hospital utilization: Results of segmented regression analysis of interrupted time series study}",
  year      = {2018},
  pages     = {221--226},
  volume    = {78},
  doi       = {10.1016/j.archger.2018.07.007},
  }

 @Article{Kirfel2021,
  author    = {A. Kirfel and J. Menzenbach and V. Guttenthaler and J. Feggeler and A. Mayr and M. Coburn and M. Wittmann},
  journal   = {Aging Clinical and Experimental Research},
  title     = "{Postoperative delirium after cardiac surgery of elderly patients as an independent risk factor for prolonged length of stay in intensive care unit and in hospital}",
  year      = {2021},
  number    = {11},
  pages     = {3047--3056},
  volume    = {33},
  doi       = {10.1007/s40520-021-01842-x},
  }

  @Article{Lang2009,
  author    = {P.-O. Lang and D. Zekry and J.-P. Michel and M. Drame and J.-L. Novella and D. Jolly and F. Blanchard},
  journal   = {The Journal of Nutrition, Health \& Aging},
  title     = "{Early markers of prolonged hospital stay in demented inpatients: A multicentre and prospective study}",
  year      = {2009},
  number    = {2},
  pages     = {141--147},
  volume    = {14},
  doi       = {10.1007/s12603-009-0182-y},
  }

  @Article{Launay2018,
  author    = {C. P. Launay and A. Kabeshova and A. Lano{\'{e}} and J. Chabot and E. J. Levinoff and O. Beauchet},
  journal   = {{BMC} Geriatrics},
  title     = "{Age effect on the prediction of risk of prolonged length hospital stay in older patients visiting the emergency department: results from a large prospective geriatric cohort study}",
  year      = {2018},
  number    = {1},
  volume    = {18},
  doi       = {10.1186/s12877-018-0820-5},
  }

@Article{Liotta2012,
  author    = {G. Liotta and S. Mancinelli and P. Scarcella and L. E. Gialloreti},
  journal   = {Archives of Gerontology and Geriatrics},
  title     = "{Determinants of acute hospital care use by elderly patients in Italy from 1996 to 2006}",
  year      = {2012},
  number    = {3},
  pages     = {e364--e369},
  volume    = {54},
  doi       = {10.1016/j.archger.2011.08.001},
  }
  
@Article{Lisk2018,
  author    = {R. Lisk and M. Uddin and A. Parbhoo and K. Yeong and D. Fluck and P. Sharma and M. E. J. Lean and T. S. Han},
  journal   = {Aging Clinical and Experimental Research},
  title     = "{Predictive model of length of stay in hospital among older patients}",
  year      = {2018},
  number    = {7},
  pages     = {993--999},
  volume    = {31},
  doi       = {10.1007/s40520-018-1033-7},
  }

  @Article{Marano2022,
  author    = {L. Marano and L. Carbone and G. Edoardo Poto and M. Gambelli and L. L. N. Noudem and G. Grassi and F. Manasci and G. Curreri and A. Giuliani and R. Piagnerelli and V. Savelli and D. Marrelli and F. Roviello and V. Boccardi},
  journal   = {Aging Clinical and Experimental Research},
  title     = "{Handgrip strength predicts length of hospital stay in an abdominal surgical setting: the role of frailty beyond age}",
  year      = {2022},
  number    = {4},
  pages     = {811--817},
  volume    = {34},
  doi       = {10.1007/s40520-022-02121-z},
  }

@Article{Morandi2013,
  author    = {A. Morandi and G. Bellelli and E. E. Vasilevskis and R. Turco and F. Guerini and T. Torpilliesi and S. Speciale and V. Emiliani and S. Gentile and J. Schnelle and M. Trabucchi},
  journal   = {Journal of the American Medical Directors Association},
  title     = "{Predictors of Rehospitalization Among Elderly Patients Admitted to a Rehabilitation Hospital: The Role of Polypharmacy, Functional Status, and Length of Stay}",
  year      = {2013},
  number    = {10},
  pages     = {761--767},
  volume    = {14},
  doi       = {10.1016/j.jamda.2013.03.013},
  }
  
@Article{Motohashi2013,
  author    = {T. Motohashi and H. Hamada and J. Lee and M. Sekimoto and Y. Imanaka},
  journal   = {Health Policy},
  title     = "{Factors associated with prolonged length of hospital stay of elderly patients in acute care hospitals in Japan: A multilevel analysis of patients with femoral neck fracture}",
  year      = {2013},
  number    = {1},
  pages     = {60--67},
  volume    = {111},
  doi       = {10.1016/j.healthpol.2013.03.014},
  }
  
@Article{Motzek2018,
  author    = {T. Motzek and A. Werblow and F. Tesch and G. Marquardt and J. Schmitt},
  journal   = {Archives of Gerontology and Geriatrics},
  title     = "{Determinants of hospitalization and length of stay among people with dementia {\textendash} An analysis of statutory health insurance claims data}",
  year      = {2018},
  pages     = {227--233},
  volume    = {76},
  doi       = {10.1016/j.archger.2018.02.015},
  }

@Article{Naouri2022,
  author    = {D. Naouri and N. Pelletier-Fleury and N. Lapidus and Y. Yordanov},
  journal   = {{BMC} Geriatrics},
  title     = {The effect of direct admission to acute geriatric units compared to admission after an emergency department visit on length of stay, postacute care transfers and {ED} return visits},
  year      = {2022},
  number    = {1},
  volume    = {22},
  doi       = {10.1186/s12877-022-03241-x},
  }

 @Article{Nishino2019,
  author    = {M. Nishino and Y. Matsuhiro and H. Nakamura and K. Yasumoto and K. Yasumura and A. Tanaka and Y. Matsunaga-Lee and D. Nakamura and M. Yano and M. Yamato and Y. Egami and R. Shutta and J. Tanouchi},
  journal   = {Geriatrics \& Gerontology International},
  title     = "{Which factors are associated with length of stay in older patients with acute decompensated heart failure with preserved ejection fraction?: {AURORA} study}",
  year      = {2019},
  number    = {11},
  pages     = {1084--1087},
  volume    = {19},
  doi       = {10.1111/ggi.13770},
  }
  
@Article{Pilotto2016,
  author    = {A. Pilotto and D. Sancarlo and F. Pellegrini and F. Rengo and N. Marchionni and S. Volpato and L. Ferrucci},
  journal   = {Age and Ageing},
  title     = "{The Multidimensional Prognostic Index predicts in-hospital length of stay in older patients: a multicentre prospective study}",
  year      = {2016},
  number    = {1},
  pages     = {90--96},
  volume    = {45},
  doi       = {10.1093/ageing/afv167},
  }
  
@Article{Pustavoitau2016,
  author    = {A. Pustavoitau and V. Barodka and N. E. Sharpless and C. Torrice and D. Nyhan and D. E. Berkowitz and A. S. Shah and K. J. B. Roche and J. D. Walston},
  journal   = {Experimental Gerontology},
  title     = "{Role of senescence marker p16INK4a measured in peripheral blood T-lymphocytes in predicting length of hospital stay after coronary artery bypass surgery in older adults}",
  year      = {2016},
  pages     = {29--36},
  volume    = {74},
  doi       = {10.1016/j.exger.2015.12.003},
  }

@Article{Raab2022,
  author    = {G. Raab and D. Restifo and S. M. McBride and R. J. Wong and N. Y. Lee and A. Shahrokni and Kaveh K.},
  journal   = {Journal of Geriatric Oncology},
  title     = "{Outcomes following head and neck cancer surgery among older adults as determined by an electronic geriatric assessment}",
  year      = {2022},
  number    = {2},
  pages     = {228--233},
  volume    = {13},
  doi       = {10.1016/j.jgo.2021.10.010},
}

@Article{Rajamaki2020,
  author    = {B. Rajamaki and M. Koponen and S. Hartikainen and A.-m. Tolppanen},
  journal   = {{BMC} Geriatrics},
  title     = "{Length of hospital stay after hip fracture and readmission rates of persons with and without Alzheimer's disease: a matched cohort study}",
  year      = {2020},
  number    = {1},
  volume    = {20},
  doi       = {10.1186/s12877-020-01609-5},
  }

@Article{Rubens2022,
  author    = {M. Rubens and A. Cristian and V. Ramamoorthy and A. Saxena and P. McGranaghan and R. Tonse and E. Veledar},
  journal   = {Journal of Geriatric Oncology},
  title     = "{Effect of frailty on hospital outcomes among patients with cancer in the United States: Results from the National Inpatient Sample}",
  year      = {2022},
  number    = {7},
  pages     = {1043--1049},
  volume    = {13},
  doi       = {10.1016/j.jgo.2022.06.008},
  }

@Article{Shebeshi2021,
  author    = {D. S. Shebeshi and X. Dolja-Gore and J. Byles},
  journal   = {Archives of Gerontology and Geriatrics},
  title     = "{Validation of hospital frailty risk score to predict hospital use in older people: Evidence from the Australian Longitudinal Study on Women's Health}",
  year      = {2021},
  pages     = {104282},
  volume    = {92},
  doi       = {10.1016/j.archger.2020.104282},
}

@Article{Shen2019,
  author    = {Y. Shen and Q. Hao and S. Liu and L. Su and X. Sun and J. H. Flaherty and B. Dong and L. Cao},
  journal   = {Aging Clinical and Experimental Research},
  title     = "{The impact of functional status on {LOS} and readmission in older patients in geriatrics department: a cohort study}",
  year      = {2019},
  number    = {10},
  pages     = {1977--1983},
  volume    = {32},
  doi       = {10.1007/s40520-019-01411-3},
}

@Article{Snowden2004,
  author    = {M. B. Snowden and A. Walaszek and J. E. Russo and K. A. Comtois and D. S. Srebnik and R. K. Ries and P. P. Roy-Byrne},
  journal   = {Journal of the American Geriatrics Society},
  title     = "{Geriatric Patients Improve as Much as Younger Patients from Hospitalization on General Psychiatric Units}",
  year      = {2004},
  number    = {10},
  pages     = {1676--1680},
  volume    = {52},
  doi       = {10.1111/j.1532-5415.2004.52460.x},
  }

@Article{Sommerfeld2011,
  author    = {D. K. Sommerfeld and H. Johansson and A.-L. Jönsson and V. Murray and T. Wessari and L. W. Holmqvist and M. von Arbin},
  journal   = {Journal of Geriatric Physical Therapy},
  title     = "{Rivermead Mobility Index Can Be Used to Predict Length of Stay for Elderly Persons, 5 Days After Stroke Onset}",
  year      = {2011},
  number    = {2},
  pages     = {64--71},
  volume    = {34},
  doi       = {10.1519/jpt.0b013e3181ffb70d},
  }



@Article{Takahashi2011,
  author    = {C. Takahashi and K. Fushimi and S. Matsuda},
  journal   = {Geriatrics \& Gerontology International},
  title     = "{Factors associated with a protracted hospital stay after hip fracture surgery in Japan}",
  year      = {2011},
  number    = {4},
  pages     = {474--481},
  volume    = {11},
  doi       = {10.1111/j.1447-0594.2011.00711.x},
  }

@Article{Tal2021,
  author    = {S. Tal},
  journal   = {Archives of Gerontology and Geriatrics},
  title     = "{Length of hospital stay among oldest-old patients in acute geriatric ward}",
  year      = {2021},
  pages     = {104352},
  volume    = {94},
  doi       = {10.1016/j.archger.2021.104352},
  }

@Article{Tropea2016,
  author    = {J. Tropea and D. LoGiudice and D. Liew and A. Gorelik and C. Brand},
  journal   = {International Journal of Geriatric Psychiatry},
  title     = "{Poorer outcomes and greater healthcare costs for hospitalised older people with dementia and delirium: a retrospective cohort study}",
  year      = {2016},
  number    = {5},
  pages     = {539--547},
  volume    = {32},
  doi       = {10.1002/gps.4491},
  }

@Article{Volpato2014,
  author    = {S. Volpato and S. Bazzano and A. Fontana and L. Ferrucci and A. Pilotto},
  journal   = {The Journals of Gerontology Series A: Biological Sciences and Medical Sciences},
  title     = "{Multidimensional Prognostic Index Predicts Mortality and Length of Stay During Hospitalization in the Older Patients: A Multicenter Prospective Study}",
  year      = {2014},
  number    = {3},
  pages     = {325--331},
  volume    = {70},
  doi       = {10.1093/gerona/glu167},
  }

@Article{Walsh2020,
  author    = {B. Walsh and S. Lyons and S. Smith and M.-A. Wren and J. Eighan and E. Morgenroth},
  journal   = {Health Economics},
  title     = "{Does formal home care reduce inpatient length of stay?}",
  year      = {2020},
  number    = {12},
  pages     = {1620--1636},
  volume    = {29},
  doi       = {10.1002/hec.4158},
  }

@Article{Willems2012,
  author    = {J. M. Willems and A. J. M. de Craen and R. G. H. H. Nelissen and P. A. van Luijt and R. G. J. Westendorp and G. J. Blauw},
  journal   = {Maturitas},
  title     = "{Haemoglobin predicts length of hospital stay after hip fracture surgery in older patients}",
  year      = {2012},
  number    = {3},
  pages     = {225--228},
  volume    = {72},
  doi       = {10.1016/j.maturitas.2012.03.016},
  }
@Misc{Steventon2018,
  author       = {A. Steventon and S. Deeny and R. Friebel and T. Gardner and R. Thorlby},
  howpublished = {Available online at: ``\url{https://www.health.org.uk/sites/default/files/Briefing_Emergency\%2520admissions_web_final.pdf}''. Last Accessed 22 March 2023},
  title        = "{Briefing: Emergency hospital admissions in England: which may be avoidable and how?}",
  year         = {2018},
}


@Article{Wong2008,
  author    = {R. Y. Wong and W. C. Miller},
  journal   = {{BMC} Geriatrics},
  title     = "{Adverse outcomes following hospitalization in acutely ill older patients}",
  year      = {2008},
  number    = {1},
  volume    = {8},
  doi       = {10.1186/1471-2318-8-10},
  }

@Article{Wright2013,
  author    = {P. N. Wright and G. Tan and S. Iliffe and D. Lee},
  journal   = {Age and Ageing},
  title     = "{The impact of a new emergency admission avoidance system for older people on length of stay and same-day discharges}",
  year      = {2013},
  number    = {1},
  pages     = {116--121},
  volume    = {43},
  doi       = {10.1093/ageing/aft086},
  }

@Article{Zattoni2018,
  author    = {D. Zattoni and I. Montroni and N. M. Saur and A. Garutti and M. L. B. Reggiani and C. Galetti and P. Calogero and V. Tonini},
  journal   = {Journal of the American Geriatrics Society},
  title     = "{A Simple Screening Tool to Predict Outcomes in Older Adults Undergoing Emergency General Surgery}",
  year      = {2018},
  number    = {2},
  pages     = {309--316},
  volume    = {67},
  doi       = {10.1111/jgs.15627},
  }

 @Article{Zhao2020,
  author    = {Y. Zhao and N. Ge and D. Xie and L. Gao and Y. Wang and Y. Liao and J. Yue},
  journal   = {{BMC} Geriatrics},
  title     = "{The geriatric nutrition risk index versus the mini-nutritional assessment short form in predicting postoperative delirium and hospital length of stay among older non-cardiac surgical patients: a prospective cohort study}",
  year      = {2020},
  number    = {1},
  volume    = {20},
  doi       = {10.1186/s12877-020-1501-8},
  }


  @Misc{KESS2023,
  author       = {{Knowledge Economy Skills Scholarships }},
  howpublished = {Available online at: ``\url{https://kess2.ac.uk/}''. Last Accessed 22 March 2023},
  title        = "{KESS2 East}",
  year         = {2023},
}

@Misc{BMA2023,
  author       = {{British Medical Association}},
  howpublished = {Available online at: ``\url{https://www.bma.org.uk/advice-and-support/nhs-delivery-and-workforce/pressures/nhs-hospital-beds-data-analysis#:~:text=Since\%202010\%2C\%20average\%20bed\%20occupancy,and\%20efficiency\%20are\%20at\%20risk}''. Last Accessed 22 March 2023},
  title        = "{NHS hospital beds data analysis}",
  year         = {2023},
}

@Misc{OECD2023,
  author       = {{Organisation for Economic Cooperation and Development (OECD)}},
  howpublished = {Available online at: ``\url{https://www.oecd-ilibrary.org/sites/e5a80353-en/index.html?itemId=/content/component/e5a80353-en}''. Last Accessed 22 March 2023},
  title        = {{Hospital beds and occupancy}},
  year         = {2023},
}

@Misc{CDCP2017,
  author       = {{Centers for Disease Control and Prevention}},
  howpublished = {Available online at ``\url{https://www.cdc.gov/nchs/data/hus/2017/089.pdf}.'' Accessed 6 January 2023},
  title        = {Hospitals, beds, and occupancy rates, by type of ownership and size of hospital: United States, selected years 1975–2015},
  year         = {2017},
}

@Article{Quinn2007,
  author    = {M. P. Quinn and A. E. Courtney and D. G. Fogarty and D. O{\textquotesingle}Reilly and C. Cardwell and P. T. McNamee},
  journal   = {{QJM}},
  title     = "{Influence of prolonged hospitalization on overall bed occupancy: a five-year single-centre study}",
  year      = {2007},
  number    = {9},
  pages     = {561--566},
  volume    = {100},
  doi       = {10.1093/qjmed/hcm064},
}

@Book{Hosmer1989,
  author    = {D. W. Hosmer and S. Lemeshow},
  publisher = {New York: John Wiley \& Sons, Inc},
  title     = {Applied Logistic Regression},
  year      = {1989},
}

@Book{Bowerman2015,
  author    = {B. L. Bowerman and R. T. O'Connell and A. B. Koehler},
  publisher = {California: Thomson Brooks/Cole},
  title     = {Forecasting, Time Series and Regression},
  year      = {2015},
}

@Book{Gujarati2019,
  author    = {Gujarati, Damodar N.},
  publisher = {SAGE Publications, Inc},
  title     = {Linear regression : a mathematical introduction},
  year      = {2019},
  address   = {Los Angeles, CA},
}

@inBook{Wasserman2004,
  author    = {L. Wasserman},
  publisher = {New York: Springer},
  title     = "{All of statistics: A concise course in statistical inference}",
  year      = {2004},
Chapter = "13",
}

@Article{Baratloo2015,
  author  = {A. Baratloo and M. Hosseini and A. Negida and G. El Ashal},
  journal = "{Emergency (Tehran)}",
  title   = "{Part 1: Simple Definition and Calculation of Accuracy, Sensitivity and Specificity}",
  year    = {2015},
  number  = {2},
  pages   = {48--49},
  volume  = {3},
}

@Article{Karunasingha2022,
  author    = {D. S. K. Karunasingha},
  journal   = {Information Sciences},
  title     = "{Root mean square error or mean absolute error? Use their ratio as well}",
  year      = {2022},
  pages     = {609--629},
  volume    = {585},
  doi       = {10.1016/j.ins.2021.11.036},
}

@Article{Das2020,
  author    = {B. K. Das and H. S. Dutta},
  journal   = {Medical \& Biological Engineering \& Computing},
  title     = {{GFNB}: Gini index{\textendash}based Fuzzy Naive Bayes and blast cell segmentation for leukemia detection using multi-cell blood smear images},
  year      = {2020},
  number    = {11},
  pages     = {2789--2803},
  volume    = {58},
  doi       = {10.1007/s11517-020-02249-y},
}

@Article{Chicco2021,
  author    = {D. Chicco and M. J. Warrens and G. Jurman},
  journal   = "{{PeerJ} Computer Science}",
  title     = "{The coefficient of determination R-squared is more informative than {SMAPE}, {MAE}, {MAPE}, {MSE} and {RMSE} in regression analysis evaluation}",
  year      = {2021},
  pages     = {e623},
  volume    = {7},
  doi       = {10.7717/peerj-cs.623},
}

@TechReport{Hertog2016,
  author      = {D. den Hertog and K. Postek},
  institution = {Tilburg University, Netherlands},
  title       = "{Bridging the gap between predictive and prescriptive analytics - new optimization methodology needed}",
  year        = {2016},
  howpublished = {Available online at: ``\url{http://www.optimization-online.org/DB_HTML/2016/12/5779.html}''. Last Accessed 22 March 2023} 
}

@Article{Emes2017,
  author    = {M. Emes and S. Smith and S. Ward and A. Smith and T. Ming},
  journal   = {Health Systems},
  title     = "{Care and Flow: Using Soft Systems Methodology to understand tensions in the patient discharge process}",
  year      = {2017},
  number    = {3},
  pages     = {260--278},
  volume    = {6},
  doi       = {10.1057/s41306-017-0027-6},
}

@Article{Carter2018,
  author    = {B. Carter and K. Whittaker and Caroline Sanders},
  journal   = {Journal of Child Health Care},
  title     = "{Evaluating a telehealth intervention for urinalysis monitoring in children with neurogenic bladder}",
  year      = {2018},
  number    = {1},
  pages     = {45--62},
  volume    = {23},
  doi       = {10.1177/1367493518777294},
  }

  @Article{Newell2017,
  author    = {K. Newell and C. Corrigan and G. Punshon and A. Leary},
  journal   = {International Journal of Health Care Quality Assurance},
  title     = {Severe asthma: emergency care patient driven solutions},
  year      = {2017},
  number    = {7},
  pages     = {628--637},
  volume    = {30},
  doi       = {10.1108/ijhcqa-09-2016-0127},
}

@Article{Townshend2000,
  author  = {J. R. P. Townshend and H. S. Turner},
  journal = {The Journal of the Operational Research Society},
  title   = "{Analysing the Effectiveness of Chlamydia Screening}",
  year    = {2000},
  number  = {7},
  pages   = {812},
  volume  = {51},
  doi     = {10.2307/253962},
}

@Article{Huang2013,
  author    = {S.-K. Huang and M.-T. Lin and H.-C. Chen and S.-C. Huang and M.-H. Wu},
  journal   = {The Journal of Pediatrics},
  title     = "{Epidemiology of Kawasaki Disease: Prevalence from National Database and Future Trends Projection by System Dynamics Modeling}",
  year      = {2013},
  number    = {1},
  pages     = {126--131.e1},
  volume    = {163},
  doi       = {10.1016/j.jpeds.2012.12.011},
}

@Article{Coyle1984,
  author    = {R. G. Coyle},
  journal   = {Socio-Economic Planning Sciences},
  title     = "{A systems approach to the management of a hospital for short-term patients}",
  year      = {1984},
  number    = {4},
  pages     = {219--226},
  volume    = {18},
  doi       = {10.1016/0038-0121(84)90001-6},
}

@Article{Lane2000,
  author    = {D. C. Lane and C. Monefeldt and J. V. Rosenhead},
  journal   = {Journal of the Operational Research Society},
  title     = "{Looking in the wrong place for healthcare improvements: A system dynamics study of an accident and emergency department}",
  year      = {2000},
  number    = {5},
  pages     = {518--531},
  volume    = {51},
  doi       = {10.1057/palgrave.jors.2600892},
}

@Article{Walter2010,
  author    = {D. Walter},
  journal   = {Emergency Medicine Journal},
  title     = {Primary survey},
  year      = {2010},
  number    = {8},
  pages     = {571--571},
  volume    = {27},
  doi       = {10.1136/emj.2010.101196},
}

@Article{Schiff2011,
  author    = {G. D. Schiff},
  journal   = {Academic Emergency Medicine},
  title     =  "{System Dynamics and Dysfunctionalities: Levers for Overcoming Emergency Department Overcrowding}",
  year      = {2011},
  number    = {12},
  pages     = {1255--1261},
  volume    = {18},
  doi       = {10.1111/j.1553-2712.2011.01225.x},
}

@InCollection{Converso2015,
  author    = {G. Converso and S. Di Giacomo and T. Murino and T. Rea},
  booktitle = {Communications in Computer and Information Science},
  publisher = {Springer International Publishing},
  title     = "{A System Dynamics Model for Bed Management Strategy in Health Care Units}",
  year      = {2015},
  pages     = {610--622},
  doi       = {10.1007/978-3-319-22689-7_47},
}

@Article{Davahli2020,
  author    = {M. R. Davahli and W. Karwowski and R. Taiar},
  journal   = {International Journal of Environmental Research and Public Health},
  title     = "{A System Dynamics Simulation Applied to Healthcare: A Systematic Review}",
  year      = {2020},
  number    = {16},
  pages     = {5741},
  volume    = {17},
  doi       = {10.3390/ijerph17165741},
}

@Article{Bashshur2016,
  author    = {R. L. Bashshur and J. D. Howell and E. A. Krupinski and K. M. Harms and N Bashshur and C. R. Doarn},
  journal   = "{Telemedicine and e-Health}",
  title     = "{The Empirical Foundations of Telemedicine Interventions in Primary Care}",
  year      = {2016},
  number    = {5},
  pages     = {342--375},
  volume    = {22},
  doi       = {10.1089/tmj.2016.0045},
}

@Article{Gordon2020,
  author    = {H. S. Gordon and P. Solanki and B. G. Bokhour and R. K. Gopal},
  journal   = {Journal of General Internal Medicine},
  title     = "{{\textquotedblleft}I'm Not Feeling Like I'm Part of the Conversation{\textquotedblright} Patients' Perspectives on Communicating in Clinical Video Telehealth Visits}",
  year      = {2020},
  number    = {6},
  pages     = {1751--1758},
  volume    = {35},
  doi       = {10.1007/s11606-020-05673-w},
}

@Article{Wang2021,
  author    = {A. Wang and K. F. Pridham and R. Nisenbaum and C. Pedersen and R. Brown and S. W. Hwang},
  journal   = {Journal of General Internal Medicine},
  title     = "{Factors Associated with Readmission Among General Internal Medicine Patients Experiencing Homelessness}",
  year      = {2021},
  number    = {7},
  pages     = {1944--1950},
  volume    = {36},
  doi       = {10.1007/s11606-020-06483-w},
}
@Article{Cornes2017,
  author    = {M. Cornes and M. Whiteford and J. Manthorpe and J. Neale and R. Byng and N. Hewett and M. Clark and A. Kilmister and J. Fuller and R. Aldridge and M. Tinelli},
  journal   = {Health \& Social Care in the Community},
  title     = "{Improving hospital discharge arrangements for people who are homeless: A realist synthesis of the intermediate care literature}",
  year      = {2017},
  number    = {3},
  pages     = {e345--e359},
  volume    = {26},
  doi       = {10.1111/hsc.12474},
}
@Article{Widmer2017,
  author    = {M. A. Widmer and R. C. Swanson and B. J. Zink and J. M. Pines},
  journal   = {Journal of Evaluation in Clinical Practice},
  title     = "{Complex systems thinking in emergency medicine: A novel paradigm for a rapidly changing and interconnected health care landscape}",
  year      = {2017},
  number    = {3},
  pages     = {629--634},
  volume    = {24},
  doi       = {10.1111/jep.12862},
}

@Article{Kuo2020,
  author    = {Y.-H. Kuo and N. B. Chan and J. M. Y. Leung and H. Meng and A. M.-C. So and K. K. F. Tsoi and C. A. Graham},
  journal   = {International Journal of Medical Informatics},
  title     = "{An Integrated Approach of Machine Learning and Systems Thinking for Waiting Time Prediction in an Emergency Department}",
  year      = {2020},
  pages     = {104143},
  volume    = {139},
  doi       = {10.1016/j.ijmedinf.2020.104143},
}

@Article{Komashie2015,
  author    = {A. Komashie and A. Mousavi and P. J. Clarkson and T. Young},
  journal   = {{IEEE} Journal of Translational Engineering in Health and Medicine},
  title     = "{An Integrated Model of Patient and Staff Satisfaction Using Queuing Theory}",
  year      = {2015},
  pages     = {1--10},
  volume    = {3},
  doi       = {10.1109/jtehm.2015.2400436},
}

@Article{Ameh2013,
  author    = {N. Ameh and B. Sabo and M. O. Oyefabi},
  journal   = "{Nigerian Medical Journal}",
  title     = "{Application of queuing theory to patient satisfaction at a tertiary hospital in Nigeria}",
  year      = {2013},
  number    = {1},
  pages     = {64},
  volume    = {54},
  doi       = {10.4103/0300-1652.108902},
}
@Article{Day2010,
  author    = {T. E. Day and W. M. Li and A. Ingolfsson and N. Ravi},
  journal   = {Journal of Pharmacy Practice},
  title     = "{The Use of Queueing and Simulative Analyses to Improve an Overwhelmed Pharmacy Call Center}",
  year      = {2010},
  number    = {5},
  pages     = {492--495},
  volume    = {23},
  doi       = {10.1177/0897190009358772},
}

@Article{Cochran2009,
  author    = {J. K. Cochran and K. T. Roche},
  journal   = {Computers \& Operations Research},
  title     = "{A multi-class queuing network analysis methodology for improving hospital emergency department performance}",
  year      = {2009},
  number    = {5},
  pages     = {1497--1512},
  volume    = {36},
  doi       = {10.1016/j.cor.2008.02.004},
}

@Article{Joustra2009,
  author    = {P. Joustra and E. V.-D. Sluis and N. M. van Dijk},
  journal   = {Annals of Operations Research},
  title     = "{To pool or not to pool in hospitals: a theoretical and~practical comparison for a radiotherapy outpatient department}",
  year      = {2009},
  number    = {1},
  pages     = {77--89},
  volume    = {178},
  doi       = {10.1007/s10479-009-0559-7},
}

@Article{Siddharthan1996,
  author    = {K. Siddharthan and W. J. Jones and J. A. Johnson},
  journal   = {International Journal of Health Care Quality Assurance},
  title     = "{A priority queuing model to reduce waiting times in emergency care}",
  year      = {1996},
  number    = {5},
  pages     = {10--16},
  volume    = {9},
  doi       = {10.1108/09526869610124993},
}

@Article{Kolesar1970,
  author    = {P. Kolesar},
  journal   = {Management Science},
  title     = "{A Markovian Model for Hospital Admission Scheduling}",
  year      = {1970},
  number    = {6},
  pages     = {B--384--B--396},
  volume    = {16},
  doi       = {10.1287/mnsc.16.6.b384},
}

@Article{Bartolomeo2008,
  author    = {N. Bartolomeo and P. Trerotoli and A. Moretti and G. Serio},
  journal   = "{{BMC} Medical Research Methodology}",
  title     = "{A markov model to evaluate hospital readmission}",
  year      = {2008},
  number    = {1},
  volume    = {8},
  doi       = {10.1186/1471-2288-8-23},
}

@InProceedings{McClean2006,
  author    = {S. McClean and P. Millard},
  booktitle = {2006 3rd International {IEEE} Conference Intelligent Systems},
  title     = "{Using Markov Models to Manage High Occupancy Hospital Care}",
  year      = {2006},
  doi       = {10.1109/is.2006.348427},
}

@Article{BenAssuli2020,
  author    = {O. Ben-Assuli and T. Heart and J. R. Vest and R. Ramon-Gonen and N. Shlomo and R. Klempfner},
  journal   = "{Information Systems Management}",
  title     = "{Profiling Readmissions Using Hidden Markov Model - the Case of Congestive Heart Failure}",
  year      = {2020},
  number    = {3},
  pages     = {237--249},
  volume    = {38},
  doi       = {10.1080/10580530.2020.1847362},
}

@Article{Verma2018,
  author    = {A. Verma and C. Rochefort and G. Powell and D. Buckeridge},
  journal   = "{Journal of Health Services Research \& Policy}",
  title     = "{Hospital readmissions and the day of the week}",
  year      = {2018},
  number    = {1},
  pages     = {21--27},
  volume    = {23},
  doi       = {10.1177/1355819617750185},
}

@Article{Ala2022,
  author    = {A. Ala and F. Chen},
  journal   = "{Journal of Healthcare Engineering}",
  title     = "{Appointment Scheduling Problem in Complexity Systems of the Healthcare Services: A Comprehensive Review}",
  year      = {2022},
  pages     = {1--16},
  volume    = {2022},
  doi       = {10.1155/2022/5819813},
}

@InProceedings{Sanchez2007,
  author    = {D. Sanchez and M. Tentori and J. Favela},
  booktitle = "{Eighth Mexican International Conference on Current Trends in Computer Science ({ENC} 2007)}",
  title     = "{Hidden Markov Models for Activity Recognition in Ambient Intelligence Environments}",
  year      = {2007},
  doi       = {10.1109/enc.2007.31},
}

@Misc{RCN2010,
  author       = {{Royal College of Nursing}},
  howpublished = {Available online at ``\url{http://www.weds.wales.nhs.uk/sitesplus/documents/1076/rcn\%20safe\%20staffing\%20levels.pdf}''. Accessed 8 January 2023},
  title        = {{Guidance on safe nurse staffing levels in the UK}},
  year         = {2010},
}

@Article{Carta2020,
  author    = {A. Carta and C. Conversano},
  journal   = {Frontiers in Public Health},
  title     = "{On the Use of Markov Models in Pharmacoeconomics: Pros and Cons and Implications for Policy Makers}",
  year      = {2020},
  volume    = {8},
  doi       = {10.3389/fpubh.2020.569500},
}

@InBook{Shortle2017,
  author    = {J. F. Shortle and J. M. Thompson and D. Gross and C. M. Harris.},
  chapter   = "1",
  publisher = {John Wiley \& Sons, Ltd},
  title     = "{Fundamentals of Queueing Theory}",
  year      = {2017},
  address   = {Los Angeles, CA},
}

@Book{Silver2016,
  author    = {E. A. Silver and D. F. Pyke and D. J. Thomas},
  publisher = {{CRC} Press},
  title     = "{Inventory and Production Management in Supply Chains}",
  year      = {2016},
  doi       = {10.1201/9781315374406},
}

@InBook{AndrasPrekopa1995,
  author    = {A. Pr{\'{e}}kopa},
  chapter   = {12},
  publisher = {Dordrecht: Kluwer Academic Publishers},
  title     = {Stochastic Programming},
  year      = {1995},
}

@InBook{Birge2011,
  author    = {J. R. Birge and F. Louveaux},
  chapter   = {2},
  publisher = {New York, NY: Springer New York},
  title     = {Introduction to stochastic programming},
  year      = {2011},
}

@Book{Ruszczynski2003,
  author    = {A. P. Ruszczy{\'{n}}ski and A. Shapiro},
  publisher = {Amsterdam: Elsevier},
  title     = {Stochastic programming},
  year      = {2003},
}

@Article{Harper2002,
  author    = {P. R. Harper and A. K. Shahani},
  journal   = {Journal of the Operational Research Society},
  title     = "{Modelling for the planning and management of bed capacities in hospitals}",
  year      = {2002},
  number    = {1},
  pages     = {11--18},
  volume    = {53},
  doi       = {10.1057/palgrave/jors/2601278},
}

@Misc{WAO2018,
  author       = {{Wales Audit Office}},
  howpublished = {Available Online at: ``\url{https://www.audit.wales/publication/informatics-systems-nhs-wales}''. Last Accessed 22 March 2023},
  title        = {{Informatics systems in NHS Wales}},
  year         = {2018},
}

@Misc{StatsWales2021,
  author       = {{StatsWales}},
  howpublished = {Available online at: ``\url{https://statswales.gov.wales/Catalogue/Health-and-Social-Care/NHS-Hospital-Activity/NHS-Beds/nhsbeds-by-organisation-site}''. Last Accessed 22 March 2023},
  title        = "{NHS beds by organisation and year, 2009-10 onwards}",
  year         = {2021},
}

@InCollection{Pillai2020,
  author    = {S. K. Pillai and M. M. Raghuwanshi and M. Gaikwad},
  booktitle = {Proceedings of International Conference on {IoT} Inclusive Life ({ICIIL} 2019), {NITTTR} Chandigarh, India},
  title     = "{Hyperparameter Tuning and Optimization in Machine Learning for Species Identification System}",
  year      = {2020},
  pages     = {235--241},
  doi       = {10.1007/978-981-15-3020-3_22},
}

@Misc{PHS2021,
  author       = {{Public Health Scotland}},
  howpublished = {Available online at: ``\url{https://beta.isdscotland.org/topics/finance/file-listings-fy-2019-to-2020/}''. Last Accessed 22 March 2023},
  title        = "{Reports for Financial Year 2019 to 2020}",
  year         = {2021},
}

@TechReport{Jones2015,
  author      = {A. Jones and T. Powell and S. Vougioukalou and M. Lynch and D. Kelly},
  institution = {Cardiff University, Wales},
  title       = "{Research into nurse staffing levels in Wales}",
  year        = {2015},
  number = {27/2015},
  howpublished = {Available online at: ``\url{https://www.gov.wales/sites/default/files/statistics-and-research/2019-07/150529-research-into-nurse-staffing-levels-summary-en.pdf}''. Last Accessed 22 March 2023}
}
@Article{Kean2013,
  author    = {S. Kean and M. Mitchell},
  journal   = {Journal of Clinical Nursing},
  title     = "{How do intensive care nurses perceive families in intensive care? Insights from the United Kingdom and Australia}",
  year      = {2013},
  number    = {5-6},
  pages     = {663--672},
  volume    = {23},
  doi       = {10.1111/jocn.12195},
}

@Article{East2014,
  author    = {L. East and K. Knowles and M. Pettman and L. Fisher},
  journal   = {Journal of Nursing Management},
  title     = "{Advanced level nursing in England: organisational challenges and opportunities}",
  year      = {2014},
  number    = {8},
  pages     = {1011--1019},
  volume    = {23},
  doi       = {10.1111/jonm.12247},
}

@Misc{NHSEmployers2021,
  author       = {{NHS Employers}},
  howpublished = {Available online at ``\url{https://www.nhsemployers.org/articles/hourly-pay-scales-202122}''. Last Accessed 22 March 2023},
  title        = {Hourly pay scales 2021/2022},
  year         = {2021},
}

@Misc{OHNFT2023,
  author       = {{Oxford Health NHS Foundation Trust}},
  howpublished = {Available online at: ``\url{https://www.oxfordhealth.nhs.uk/careers/staff-bank/rates/}''. Last Accessed 22 March 2023},
  title        = "{Pay rates}",
  year         = {2023},
}

@Misc{StatsWales2022,
  author       = {{StatsWales}},
  howpublished = {Available online at: ``\url{https://statswales.gov.wales/Catalogue/Health-and-Social-Care/NHS-Staff/Non-Medical-Staff/nursingmidwiferyandhealthvisitingstaff-by-grade-areaofwork-year}''. Last Accessed 22 March 2023},
  title        = "{{Nursing, midwifery and health visiting staff, by grade and area of work}}",
  year         = {2022},
}

@Misc{COF2016,
  author       = {{COIN-OR Foundation}},
  howpublished = {Available online at: ``\url{https://www.coin-or.org/}''. Last Accessed 22 March 2023},
  title        = {{OPEN SOURCE FOR THE OPERATIONS RESEARCH COMMUNITY}},
  year         = {2016},
}

@Article{LougeeHeimer2003,
  author  = { R. Lougee-Heimer},
  journal = {{IBM Journal of Research and Development}},
  title   = "{The Common Optimization INterface for Operations Research: Promoting open-source software in the operations research community}",
  year    = {2003},
  number  = {1},
  pages   = {57 -- 66},
  volume  = {47},
}

@Misc{IBM,
  author       = {{IBM}},
  howpublished = {Available online at ``\url{https://www.ibm.com/uk-en/analytics/cplex-optimizer}''. Last Accessed 22 March 2023},
  title        = "{IBM CPLEX Optimizer}",
}

@Misc{GurobiOptimization,
  author       = {{Gurobi Optimization}},
  howpublished = {Available online at: ``\url{https://www.gurobi.com/solutions/gurobi-optimizer/?campaignid=2027425879&adgroupid=77414946451&creative=602222804300&keyword=gurobi&matchtype=e&gclid=CjwKCAiAxP2eBhBiEiwA5puhNfYpFYlEtlzvzmBPHQdeOHshJHby_gn70yXeKeoeAc1g9rgSbV0ZkBoC1gkQAvD_BwE}''. Last Accessed 22 March 2023},
  title        = {{Gurobi Optimizer: The world's Fastest Solver}},
}

@InProceedings{Lal2015,
  author    = {T. M. Lal and T. Roh and T. Huschka},
  booktitle = {2015 Winter Simulation Conference ({WSC})},
  title     = "{Simulation based optimization: Applications in healthcare}",
  year      = {2015},
  doi       = {10.1109/wsc.2015.7408251},
}

@Article{Respicio2018,
  author    = {A. Respicio and M. Moz and M. V. Pato and R. Somensi and C. D. Flores},
  journal   = {{BMC} Medical Informatics and Decision Making},
  title     = "{A computational application for multi-skill nurse staffing in hospital units}",
  year      = {2018},
  number    = {1},
  volume    = {18},
  doi       = {10.1186/s12911-018-0638-2},
}

@InProceedings{Ranum2006,
  author    = {D. Ranum and B. Miller and J. Zelle and M. Guzdial},
  booktitle = "{Proceedings of the 37th {SIGCSE} technical symposium on Computer science education}",
  title     = "{Successful approaches to teaching introductory computer science courses with python}",
  year      = {2006},
  doi       = {10.1145/1121341.1121465},
}

@Misc{Mitchell2019,
  author       = {S. Mitchell and A. Kean and A. Mason and M. O'Sullivan and A. Phillips and F. Peschiera},
  howpublished = {Available online at: ``\url{https://coin-or.github.io/pulp/}''. Last Accessed 22 March 2023},
  title        = "{Optimization with PuLP}",
  year         = {2019},
}

@Misc{NHSWalesa,
  author       = {{NHS Wales}},
  howpublished = {Available online at: ``\url{https://abuhb.nhs.wales/healthcare-services/the-grange-university-hospital/}''. Last Accessed 22 March 2023},
  title        = {{The Grange University Hospital}},
}

@Article{Axon2015,
  author  = {R. Neal Axon and Mulugeta Gebregziabher and Janet Craig and Jingwen Zhang and Patrick Mauldin and William P. Moran},
  journal = {The American Journal of Managed Care},
  title   = {Frequency and Costs of Hospital Transfers for Ambulatory Sensitive Conditions},
  year    = {2015},
  number  = {1},
  pages   = {51–59},
  volume  = {21},
}

@Misc{ONS2022b,
  author       = {{Office for National Statistics}},
  howpublished = {Available online at: ``\url{https://www.ons.gov.uk/peoplepopulationandcommunity/birthsdeathsandmarriages/ageing/articles/voicesofourageingpopulation/livinglongerlives#:~:text=Over\%2011\%20million\%20people\%20\%E2\%80\%93\%2018.6,the\%20previous\%20census\%20in\%202011}''. Last Accessed 22 March 2023},
  title        = {{Voices of our ageing population: Living longer lives}},
  year         = {2022},
}

@Misc{Devereux2022,
  author       = {E. Devereux},
  howpublished = {Available online at: ``\url{https://www.nursingtimes.net/news/workforce/record-number-of-nurses-leaving-the-nhs-in-england-30-09-2022/}''. Last Accessed 22 March 2023},
  title        = "{Record number of nurses leaving the NHS in England}",
  year         = {2022},
}

@Misc{WelshGovernment2022a,
  author       = {{Welsh Government}},
  howpublished = {Available online at: ``\url{https://www.gov.wales/sickness-absence-nhs-april-june-2022-html#:~:text=Long\%20term\%20trend,months\%20ending\%2030\%20June\%202022.}''. Last Accessed 22 March 2023},
  title        = "{Sickness absence in the NHS: April to June 2022}",
  year         = {2022},
}

@Misc{RCN2023,
  author       = {{Royal College of Nursing}},
  howpublished = {Available online at: ``\url{https://www.rcn.org.uk/news-and-events/news/uk-nhs-pay-dispute-new-february-strike-dates-announced-for-england-and-wales-160123}''. Last Accessed 22 March 2023},
  title        = "{NHS pay dispute: new February strike dates announced for England and Wales}",
  year         = {2023},
}

@Misc{AGW2022,
  author       = {{Auditor General for Wales}},
  howpublished = {Available online at: ``\url{https://audit.wales/sites/default/files/publications/Tackling_the_Planned_Care_Backlog_in_Wales.pdf}''. Last Accessed 22 March 2023},
  title        = "{Tackling the Planned Care Backlog in Wales}",
  year         = {2022},
}

@Article{Luben2019,
  author    = {R. Luben and S. Hayat and A. Khawaja and N. Wareham and P. P. Pharoah and K.-T. Khaw},
  journal   = {{BMJ} Open},
  title     = "{Residential area deprivation and risk of subsequent hospital admission in a British population: the {EPIC}-Norfolk cohort}",
  year      = {2019},
  number    = {12},
  volume    = {9},
  doi       = {10.1136/bmjopen-2019-031251},
}

@Misc{WelshGovernment2022b,
  author       = {{Welsh Government}},
  howpublished = {Available online at: ``\url{https://www.gov.wales/statistics-wales-demography-newsletter-august-2022-html}''. Last Accessed 22 March 2023},
  title        = "{Statistics Wales Demography newsletter: August 2022}",
  year         = {2022},
}

@Misc{CHNFT2022,
  author       = {{Calderdale and Huddersfield NHS Foundation Trust}},
  howpublished = {Available online at: ``\url{https://www.cht.nhs.uk/news/theres-no-place-like-home-for-a-quicker-recovery-and-to-help-ease-the-pressure-on-your-local-hospital}''. Last Accessed 22 March 2023},
  title        = "{There’s no place like home for a quicker recovery and to help ease the pressure on your local hospital}",
  year         = {2022},
}

@Article{Trueland2023,
  author    = {J. Trueland},
  journal   = {Primary Health Care},
  title     = "{What are virtual wards {\textendash} and how do they work?}",
  year      = {2023},
  number    = {1},
  pages     = {18--19},
  volume    = {33},
  doi       = {10.7748/phc.33.1.18.s8},
}

@Misc{HINSL2021,
  author       = {{Health Innovation Network South London}},
  howpublished = {Available online at: ``\url{https://healthinnovationnetwork.com/wp-content/uploads/2022/01/Croydon-VW-Evaluation-Report-to-NHSX-v10.pdf}''. Last Accessed 22 March 2023},
  title        = "{Rapid Evaluation of CroydonVirtual Ward}",
  year         = {2021},
}

@Misc{WHO2023,
  author       = {{World Health Organization}},
  howpublished = {Available online at: ``\url{https://www.who.int/europe/emergencies/situations/covid-19}''. Last Accessed 22 March 2023},
  title        = "{Coronavirus disease (COVID-19) pandemic}",
  year         = {2023},
}

@Misc{BMA2022,
  author       = {{British Medical Association}},
  howpublished = {Available online at: ``\url{https://www.bma.org.uk/advice-and-support/nhs-delivery-and-workforce/pressures/an-nhs-under-pressure#:~:text=The\%20NHS\%20is\%20experiencing\%20some,pressure\%20points\%20in\%20the\%20NHS}''. Last Accessed 22 March 2023},
  title        = "{An NHS under pressure}",
  year         = {2022},
}

@Misc{Williams2023,
  author       = {E. Williams},
  howpublished = {Available online at: ``\url{https://github.com/Williamsem/Bed-and-Staff-Capacities-Planning-Models}''.},
  title        = {Bed and Staff Capacities Planning Models},
  year         = {2023},
}

@InProceedings{Gartner2022,
  author    = {D. Gartner and E. M. Williams and P. R. Harper},
  booktitle = "{2022 {IEEE} 10th International Conference on Healthcare Informatics ({ICHI})}",
  title     = "{Prescriptive Healthcare Analytics: A Tutorial on Discrete Optimization and Simulation}",
  year      = {2022},
  doi       = {10.1109/ichi54592.2022.00111},
}

@Misc{UniAneurinBevanHealthBoardc,
  author       = {{Aneurin Bevan University Health Board}},
  howpublished = {Available online at: ``\url{https://abuhb.nhs.wales/clinical-futures/frequently-asked-questions-faqs/what-is-clinical-futures-and-what-changes-will-it-bring/}''. Last Accessed 22 March 2023},
  title        = {{What is Clinical Futures and what changes will it bring?}},
}

@Article{Mestre2015,
  author    = {A. M. Mestre and M. D. Oliveira and A. P. Barbosa-P{\'{o}}voa},
  journal   = {European Journal of Operational Research},
  title     = "{Location-allocation approaches for hospital network planning under uncertainty}",
  year      = {2015},
  number    = {3},
  pages     = {791--806},
  volume    = {240},
  doi       = {10.1016/j.ejor.2014.07.024},
}

#These are the new papers added since viva

@Article{Basic2009,
  author    = {D. Basic and A. Khoo},
  journal   = {Australian Health Review},
  title     = {Admission variables predicting short lengths of stay of acutely unwell older patients: relevance to emergency and medical short-stay units},
  year      = {2009},
  number    = {3},
  pages     = {502},
  volume    = {33},
  doi       = {10.1071/ah090502},
}

@Article{Basic2014,
  author    = {D. Basic and C. Shanley},
  journal   = {Journal of Aging and Health},
  title     = {Frailty in an Older Inpatient Population: Using the clinical frailty scale to predict patient outcomes},
  year      = {2014},
  number    = {4},
  pages     = {670--685},
  volume    = {27},
  doi       = {10.1177/0898264314558202},
}


@Article{Bo2015,
  author    = {M. Bo and G. Fonte and F. Pivaro and M. Bonetto and C. Comi and V. Giorgis and L. Marchese and G. Isaia and G. Maggiani and E. Furno and Y. Falcone and G. C. Isaia},
  journal   = {Geriatrics {\&}amp$\mathsemicolon$ Gerontology International},
  title     = {Prevalence of and factors associated with prolonged length of stay in older hospitalized medical patients},
  year      = {2015},
  number    = {3},
  pages     = {314--321},
  volume    = {16},
  doi       = {10.1111/ggi.12471},
}

@Article{Cai2009,
  author    = {Q. Cai and J. W. Salmon and M. E. Rodgers},
  journal   = {Social Work in Health Care},
  title     = {{Factors Associated with Long-Stay Nursing Home Admissions Among the U.S. Elderly Population: Comparison of Logistic Regression and the Cox Proportional Hazards Model with Policy Implications for Social Work}},
  year      = {2009},
  number    = {2},
  pages     = {154--168},
  volume    = {48},
  doi       = {10.1080/00981380802580588},
}

@Article{Kerr2006,
  author    = {A. Kerr and H. E. Syddall and C. Cooper and G. F. Turner and R. S. Briggs and A. Aihie Sayer},
  journal   = {Age and Ageing},
  title     = {Does admission grip strength predict length of stay in hospitalised older patients?},
  year      = {2006},
  number    = {1},
  pages     = {82--84},
  volume    = {35},
  doi       = {10.1093/ageing/afj010},
}

@Article{Launay2015,
  author    = {C. P. Launay and H. Rivi{\`{e}}re and A. Kabeshova and O. Beauchet},
  journal   = {European Journal of Internal Medicine},
  title     = "{Predicting prolonged length of hospital stay in older emergency department users: Use of a novel analysis method, the Artificial Neural Network}",
  year      = {2015},
  number    = {7},
  pages     = {478--482},
  volume    = {26},
  doi       = {10.1016/j.ejim.2015.06.002},
}

@Article{Curiati2020,
  author    = {P. K. Curiati and L. A. Gil-Junior and C. V. Morinaga and F. Ganem and J. A. E. Curiati and T. J. Avelino-Silva},
  journal   = {Annals of Emergency Medicine},
  title     = "{Predicting Hospital Admission and Prolonged Length of Stay in Older Adults in the Emergency Department: The {PRO}-{AGE} Scoring System}",
  year      = {2020},
  number    = {3},
  pages     = {255--265},
  volume    = {76},
  doi       = {10.1016/j.annemergmed.2020.01.010},
}


@Article{Lee2010,
  author    = {D. H. Lee and K. J. Buth and B.-J. Martin and A. M. Yip and G. M. Hirsch},
  journal   = {Circulation},
  title     = "{Frail Patients Are at Increased Risk for Mortality and Prolonged Institutional Care After Cardiac Surgery}",
  year      = {2010},
  month     = {mar},
  number    = {8},
  pages     = {973--978},
  volume    = {121},
  doi       = {10.1161/circulationaha.108.841437},
}

@Article{Lisk2020,
  author    = {R. Lisk and K. Yeong and D. Fluck and C. H. Fry and T. S. Han},
  journal   = {Calcified Tissue International},
  title     = "{The Ability of the Nottingham Hip Fracture Score to Predict Mobility, Length of Stay and Mortality in Hospital, and Discharge Destination in Patients Admitted with a Hip Fracture}",
  year      = {2020},
  month     = {jul},
  number    = {4},
  pages     = {319--326},
  volume    = {107},
  doi       = {10.1007/s00223-020-00722-2},
}
@Article{Marin2021,
  author    = {J. S. Mar{\'{\i}}n and F. J. F. Mart{\'{\i}}nez and C. F. Such and J. M. S. Ripoll and D. O. Beltr{\'{a}}n and M. C. C. Munuera and J. F. M. L{\'{o}}pez and J. C. M. Campos},
  journal   = {Revista Espa{\~{n}}ola de Cirug{\'{\i}}a Ortop{\'{e}}dica y Traumatolog{\'{\i}}a (English Edition)},
  title     = {Risk factors for high length of hospital stay and in-hospital mortality in hip fractures in the elderly},
  year      = {2021},
  number    = {5},
  pages     = {322--330},
  volume    = {65},
  doi       = {10.1016/j.recote.2021.05.009},
}

@Article{Park2012,
  author    = {N. S. Park and I. V. Carrion and B. S. Lee and D. Dobbs and H. J. Shin and M. A. Becker},
  journal   = {Journal of Palliative Medicine},
  title     = "{The Role of Race and Ethnicity in Predicting Length of Hospice Care among Older Adults}",
  year      = {2012},
  month     = {feb},
  number    = {2},
  pages     = {149--153},
  volume    = {15},
  doi       = {10.1089/jpm.2011.0220},
}


@Article{Yu2018,
  author    = {S. T. S. Yu and T. Brown and M.-L. Yu and H. Andrews},
  journal   = {Physical {\&}amp$\mathsemicolon$ Occupational Therapy In Geriatrics},
  title     = "{Association between Older Adults{\textquotesingle} Estimated Length of Hospital Stay and Cognitive Performance}",
  year      = {2018},
  number    = {2-3},
  pages     = {136--155},
  volume    = {36},
  doi       = {10.1080/02703181.2018.1449162},
}


@Article{Lang2006,
  author    = {P.-O. Lang and D. Heitz and G. Hédelin and M. Dramé and N. Jovenin and J. Ankri and D. Somme and J.-L. Novella and J. B. Gauvain and P. Couturier and T. Voisin and B. De Wazère and R. Gonthier and C. Jeandel and D. Jolly and O. Saint-Jean and F. Blanchard},
  journal   = {Journal of the American Geriatrics Society},
  title     = "{Early Markers of Prolonged Hospital Stays in Older People: A Prospective, Multicenter Study of 908 Inpatients in French Acute Hospitals}",
  year      = {2006},
  number    = {7},
  pages     = {1031--1039},
  volume    = {54},
  doi       = {10.1111/j.1532-5415.2006.00767.x},
}

@Article{Lisk2019,
  author    = {R. Lisk and K. Yeong and P. Enwere and J. Jenkinson and J. Robin and M. Irvin-Sellers and D. Fluck and A. Osmani and R. Sharmin and P. Sharma and C. H. Fry and T. S. Han},
  journal   = {Age and Ageing},
  title     = "{Associations of 4AT with mobility, length of stay and mortality in hospital and discharge destination among patients admitted with hip fractures}",
  year      = {2019},
  number    = {3},
  pages     = {411--417},
  volume    = {49},
  doi       = {10.1093/ageing/afz161},
}


@Article{Zhao2020a,
  author    = {Y. Zhao and X. Xia and D. Xie and Y. Liao and Y. Wang and L. Chen and N. Ge and J. Yue},
  journal   = {Geriatrics & International},
  title     = "{Geriatric Nutritional Risk Index can predict postoperative delirium and hospital length of stay in elderly patients undergoing non-cardiac surgery}",
  year      = {2020},
  number    = {8},
  pages     = {759--764},
  volume    = {20},
  doi       = {10.1111/ggi.13963},
}

@misc{UN2,
author = "{United Nations}",
title = "{World Population Ageing}",
year = "2017",
howpublished = {Available online at: ``\url{https://www.un.org/en/development/desa/population/publications/pdf/ageing/WPA2017\textunderscore Highlights.pdf}''. Last Accessed 22 March 2023},
}

@misc{AlzheimerSociety,
author = "{Alzheimer's Society}",
title = "{What can increase a person's risk of dementia?}",
year ="{2023}",
howpublished = {Available online at: ``\url{https://www.alzheimers.org.uk/about-dementia/risk-factors-and-prevention/what-can-increase-persons-risk-of-dementia#:~:text=Ageing%20is%20a%20risk%20factor%20for%20dementia%20because%20dementia%20can,cause%20the%20symptoms%20of%20dementia.}''. Last Accessed 19 July 2023},
}

@misc{StatsWalespp1,
author = "{StatsWales}",
title = "{National level population estimates by year, age and UK country}",
year ="{2022}",
howpublished = {Available online at: ``\url{https://statswales.gov.wales/Catalogue/Population-and-Migration/Population/Estimates/nationallevelpopulationestimates-by-year-age-ukcountry}''. Last Accessed 19 July 2023},
}

@misc{StatsWalespp2,
author = "{StatsWales}",
title = "{Population projections by year and age}",
year ="{2022}",
howpublished = {Available online at: ``\url{https://statswales.gov.wales/Catalogue/Population-and-Migration/Population/Projections/National/2020-based/2020basedpopulationprojections-by-year-age}''. Last Accessed 19 July 2023},
}

@misc{WHOICD,
author = "{World Health Organisation}",
title = "{International Statistical Classification of Diseases and Related Health Problems 10th Revision}",
year ="{2019}",
howpublished = {Available online at: ``\url{https://icd.who.int/browse10/2019/en}''. Last Accessed 19 July 2023},
}


@article{Poudlove2003,
author = {N. C. Proudlove and K. Gordon and R. Boaden},
title = "{Can good bed management solve the overcrowding in accident and emergency departments?}",
journal ={Emergency Medicine Journal},
year = {2003},
volume = {20},
number ={2},
pages = {149--155},
doi = {10.1136/emj.20.2.149},
}

@Article{Antonelli2001,
  author    = {R. Antonelli and C. Pedone and G. Onder and M. Pahor and P. U. Carbonin},
  journal   = {Aging Clinical and Experimental Research},
  title     = {Predicting length of stay of older patients with exacerbated chronic obstructive pulmonary disease},
  year      = {2001},
  number    = {1},
  pages     = {49--57},
  volume    = {13},
  doi       = {10.1007/bf03351494},
}


@Article{Bo2016,
  author    = {M. Bo and M. Bonetto and G. Bottignole and P. Porrino and E. Coppo and M. Tibaldi and G. Ceci and S. Raspo and G. Cappa and G. Bellelli},
  journal   = {Journal of the American Geriatrics Society},
  title     = "{Length of Stay in the Emergency Department and Occurrence of Delirium in Older Medical Patients}",
  year      = {2016},
  number    = {5},
  pages     = {1114--1119},
  volume    = {64},
  doi       = {10.1111/jgs.14103},
}


@Article{Ferreira2019,
  author    = {M. S. Ferreira and F. G. de Melo Franco and P. S. Rodrigues and V. M. S. P. Correa and S. T. G. Akopian and G. G. Cucato and R. M. R. Dias and M. S. Cendoroglo and C. N. Fran{\c{c}}a and J. A. M. de Carvalho},
  journal   = {{BMC} Geriatrics},
  title     = {Impaired chair-to-bed transfer ability leads to longer hospital stays among elderly patients},
  year      = {2019},
  number    = {1},
  volume    = {19},
  doi       = {10.1186/s12877-019-1104-4},
}

@Article{Garg2011,
  author  = {L. Garg and S. McClean and B. J. Meenan and P. Millard},
  journal = {Informatica},
  title   = {"{Phase-Type Survival Trees and Mixed Distribution Survival Trees for Clustering Patients' Hospital Length of Stay}"},
  year    = {2011},
  number  = {1},
  pages   = {55--72},
  volume  = {22},
}

@Article{Gordon2017,
  author    = {A. S. Gordon and A. H. Marshall and M. Zenga},
  journal   = {Health Care Management Science},
  title     = {Predicting elderly patient length of stay in hospital and community care using a series of conditional Coxian phase-type distributions, further conditioned on a survival tree},
  year      = {2017},
  number    = {2},
  pages     = {269--280},
  volume    = {21},
  doi       = {10.1007/s10729-017-9411-9},
}

@Article{Greene2001,
  author    = {E. Greene and C. J. Cunningham and A. Eustace and N. Kidd and A. W. Clare and B. A. Lawlor},
  journal   = {International Journal of Geriatric Psychiatry},
  title     = {Recurrent falls are associated with increased length of stay in elderly psychiatric inpatients},
  year      = {2001},
  number    = {10},
  pages     = {965--968},
  volume    = {16},
  doi       = {10.1002/gps.463},
}

@Article{Hu2022,
  author    = {Z. Hu and H. Qiu and L. Wang and M. Shen},
  journal   = {{BMC} Medical Informatics and Decision Making},
  title     = {Network analytics and machine learning for predicting length of stay in elderly patients with chronic diseases at point of admission},
  year      = {2022},
  number    = {1},
  volume    = {22},
  doi       = {10.1186/s12911-022-01802-z},
}



@Article{Launay2014,
  author    = {C. P. Launay and L. de Decker and A. Kabeshova and C. Annweiler and O. Beauchet},
  journal   = {{PLoS} {ONE}},
  title     = "{Screening for Older Emergency Department Inpatients at Risk of Prolonged Hospital Stay: The Brief Geriatric Assessment Tool}",
  year      = {2014},
  number    = {10},
  pages     = {e110135},
  volume    = {9},
  doi       = {10.1371/journal.pone.0110135},
}



@InProceedings{Le2011,
  author    = {T. V. Le and C. K. Kwoh and E. S. Teo and K. H. Lee},
  booktitle = {2011 {IEEE} 11th International Conference on Data Mining Workshops},
  title     = {{Analyzing Trends of Hospital Length of Stay Using Phase-Type Distributions}},
  year      = {2011},
  month     = {dec},
  publisher = {{IEEE}},
  doi       = {10.1109/icdmw.2011.31},
}

@Article{MacDonald2010,
  author    = {V. MacDonald and P. Ottem and M. Wasdell and R. Spiwak},
  journal   = {International Journal of Orthopaedic and Trauma Nursing},
  title     = {Predictors of prolonged hospital stays following hip and knee arthroplasty},
  year      = {2010},
  number    = {4},
  pages     = {198--205},
  volume    = {14},
  doi       = {10.1016/j.ijotn.2010.06.001},
}



@Article{Moellers2019,
  author    = {T. Möllers and L. Perna and P. Ihle and I. Schubert and J. Bauer and H. Brenner},
  journal   = {Journal of Alzheimer{\textquotesingle}s Disease},
  title     = {Factors Associated with Length of Stay in Hospital Patients with and Without Dementia},
  year      = {2019},
  month     = {feb},
  number    = {3},
  pages     = {1055--1065},
  volume    = {67},
  doi       = {10.3233/jad-180593},
}

@Article{Nishida2018,
  author    = {S. Nishida and Y. Hayashi and A. Suzuki and R. Kobayashi and T. Inuzuka and Y. Itoh},
  journal   = {Geriatrics {\&}amp$\mathsemicolon$ Gerontology International},
  title     = {Relationship between number of drugs and duration of hospital stay in older patients with neuromuscular diseases},
  year      = {2018},
  number    = {7},
  pages     = {1018--1024},
  volume    = {18},
  doi       = {10.1111/ggi.13292},
}

@Article{Toshiyuki2010,
  author    = {T. Ono and A. Tamai and D. Takeuchi and Y. Tamai and H. Iseki and H. Fukushima and S. Kasahara},
  journal   = {Psychogeriatrics},
  title     = {Predictors of length of stay in a ward for demented elderly: gender differences},
  year      = {2010},
  number    = {3},
  pages     = {153--159},
  volume    = {10},
  doi       = {10.1111/j.1479-8301.2010.00328.x},
}


@Article{Sommerfeld2001,
  author    = {D. K. Sommerfeld and M. H. von Arbin},
  journal   = {Clinical Rehabilitation},
  title     = {Disability test 10 days after acute stroke to predict early discharge home in patients 65 years and older},
  year      = {2001},
  number    = {5},
  pages     = {528--534},
  volume    = {15},
  doi       = {10.1191/026921501680425243},
}

@Article{Toh2017,
  author    = {H. J. Toh and Z. Y. Lim and P. Yap and T. Tang},
  journal   = {Singapore Medical Journal},
  title     = {Factors associated with prolonged length of stay in older patients},
  year      = {2017},
  number    = {3},
  pages     = {134--138},
  volume    = {58},
  doi       = {10.11622/smedj.2016158},
}

@Article{Volpato2018,
  author    = {S. Volpato and R. Custureri and M. Puntoni and L. Bianchi and J. Daragjati and S. Garaboldi and M. Simonato and A. Greco and E. Rizzo and P. D. Santo and A. Mangiacotti and E. Zigoura and G. Siri and A. Pilotto},
  journal   = {Clinical Interventions in Aging},
  title     = {{Effects of oral amino acid supplementation on Multidimensional Prognostic Index in hospitalized older patients: a multicenter randomized, double-blind, placebo-controlled pilot study}},
  year      = {2018},
  pages     = {633--640},
  volume    = {Volume 13},
  doi       = {10.2147/cia.s154998},
}


@InProceedings{Ray2019,
  author    = {Susmita Ray},
  booktitle = {2019 International Conference on Machine Learning, Big Data, Cloud and Parallel Computing ({COMITCon})},
  title     = "{A Quick Review of Machine Learning Algorithms}",
  year      = {2019},
  publisher = {{IEEE}},
  doi       = {10.1109/comitcon.2019.8862451},
}


@Article{Wickramasinghe2020,
  author    = {I. Wickramasinghe and H. Kalutarage},
  journal   = {Soft Computing},
  title     = "{Naive Bayes: applications, variations and vulnerabilities: a review of literature with code snippets for implementation}",
  year      = {2020},
  number    = {3},
  pages     = {2277--2293},
  volume    = {25},
  doi       = {10.1007/s00500-020-05297-6},
  publisher = {Springer Science and Business Media {LLC}},
}

@Article{Tu1996,
  author    = {J. V. Tu},
  journal   = {Journal of Clinical Epidemiology},
  title     = {Advantages and disadvantages of using artificial neural networks versus logistic regression for predicting medical outcomes},
  year      = {1996},
  number    = {11},
  pages     = {1225--1231},
  volume    = {49},
  doi       = {10.1016/s0895-4356(96)00002-9},
}

@Article{Ozili2023,
  author  = {P. K. Ozili},
  journal = {Social Research Methodology and Publishing Results},
  title   = {The Acceptable R-Square in Empirical Modelling for Social Science Research},
  year    = {2023},
  pages   = {1--9},
  doi     = {10.2139/ssrn.4128165},
}


@misc{datadictionary1,
  title = "{NHS Data Dictionary - Admission Method}",
  author = "{National Health Service}",
  year = "2023",
 howpublished = {Available online at: ``\url{https://www.datadictionary.nhs.uk/attributes/admission_method.html?hl=admission%2Cmethod"}''. Accessed 28 July 2023}
}

@misc{datadictionary2,
  title = "{NHS Data Dictionary - Admission Source (Hospital Provider Spell)}",
  author = "{National Health Service}",
  year = "2023",
  howpublished = {Available online at: ``\url{https://www.datadictionary.nhs.uk/data_elements/admission_source__hospital_provider_spell_.html?hl=admission%2Csource}''. Accessed 28 July 2023}
}

@misc{datadictionary3,
  title = "{NHS Data Dictionary - Main Specialty Code}",
  author = "{National Health Service}",
  year = "2023",
  howpublished = {Available online at: ``\url{https://www.datadictionary.nhs.uk/attributes/main_specialty_code.html}''. Accessed 28 July 2023}
}




@Article{Street2014,
  author    = {A. Street and N. Gutacker and C. Bojke and N. Devlin and S. Daidone},
  journal   = {Health Services and Delivery Research},
  title     = {Variations in outcome and costs among {NHS} providers for common surgical procedures: econometric analyses of routinely collected data},
  year      = {2014},
  number    = {1},
  pages     = {1--90},
  volume    = {2},
  doi       = {10.3310/hsdr02010},
  publisher = {National Institute for Health and Care Research ({NIHR})},
}



@Misc{UHS,
  author       = {{University Hospital Southampton NHS Foundation Trust}},
  howpublished = {Available online at: ``\url{https://www.uhs.nhs.uk/Media/UHS-website-2019/Docs/About-the-trust/performance/TB-6-monthly-staffing-review-report.pdf}''. Last Accessed 1 August 2023},
  title        = "{Ward Staffing Nursing Establishment Review August 2022 –
October 2022}",
  year         = {2022},
}

@Article{Harper2005,
  author    = {P. R. Harper},
  journal   = {Health Policy},
  title     = {A review and comparison of classification algorithms for medical decision making},
  year      = {2005},
  number    = {3},
  pages     = {315--331},
  volume    = {71},
  doi       = {10.1016/j.healthpol.2004.05.002},
}
@Article{Harper2005b,
  author    = {P. R. Harper},
  journal   = { Clinical and Investigative Medicine},
  title     = {Combining data mining tools with health care models for improved understanding of health processes and resource utilisation},
  year      = {2005},
  number    = {6},
  pages     = {338--341},
  volume    = {28},
}

@Article{Clement2021,
  author    = {N. D. Clement and C. E. H. Scott and J. R. D. Murray and C. R. Howie and D. J. Deehan and IMPACT-Restart Collaboration},
  journal   = {The Bone {\&} Joint Journal},
  title     = {The number of patients ``worse than death''' while waiting for a hip or knee arthroplasty has nearly doubled during the {COVID}-19 pandemic},
  year      = {2021},
  number    = {4},
  pages     = {672--680},
  volume    = {103-B},
  doi       = {10.1302/0301-620x.103b.bjj-2021-0104.r1},
}


@Article{Robling2009,
  author  = {M. R. Robling and R. M. Pill and K. Hood and C. C. Butler},
  journal = {Quality and Safety in Health Care},
  title   = {Time to talk? Patient experiences of waiting for clinical management of knee injuries},
  year    = {2009},
  number  = {2},
  pages   = {141--146},
  volume  = {18},
  doi     = {10.1136/qshc.2007.022475},
}

@misc{abcimodelling,
  title = "{ABCi Mathematical Modelling and Analytics Academy}",
  author = "{The Health Foundation}",
  year = "2023",
  howpublished = {Available online at: ``\url{https://www.health.org.uk/improvement-projects/abci-mathematical-modelling-and-analytics-academy}''. Accessed 5 August 2023}
}

@InProceedings{Gartner2022a,
  author    = {D. Gartner and I. Spernaes and T. J. England and D. A. Behrens and J. Buchanan and P. R. Harper},
  booktitle = {2022 {IEEE} 10th International Conference on Healthcare Informatics ({ICHI})},
  title     = {{Evaluation of Participants{\textquotesingle} Reaction and Learning in a Taught Analytics and Modelling Academy Program in U.K.`s National Health Service}},
  year      = {2022},
  publisher = {{IEEE}},
  doi       = {10.1109/ichi54592.2022.00116},
}

